2618 4614
716 245 757 310 86

160 471 211 512 me
238 446 408 533 aliquando
432 447 721 512 demonstratiuum
747 450 781 512 in
804 447 961 531 omnibus,
991 469 1073 533 quae
1096 465 1194 530 supra
1215 441 1300 507 511511

161 550 319 637 capitibus
333 549 535 616 Athenaeum
549 550 708 639 Pamphili
723 553 952 636 auctoritatem,
975 551 1002 614 si
1017 571 1175 614 summam
1191 554 1301 632 spector

161 744 457 821 555ιον5551515;1155
477 752 547 802 enim
567 767 626 802 cum
639 756 723 802 metro
742 756 857 818 pugnat:
876 751 1046 802 scribendum
1061 749 1156 800 saltem
1177 740 1301 814 6151155151

163 842 206 910 [ex
224 844 270 895 lat.
292 841 483 909 „acipenser“].
522 843 576 894 Sed
596 859 644 908 ego
665 844 773 894 omnino
792 859 861 909 nego
881 843 953 909 apud
971 841 1051 893 Arch.
1072 841 1188 892 nominis
1202 840 1301 890 Romani

163 938 324 987 mentionem
343 936 423 986 fuisse
443 936 545 986 duabus
565 935 598 986 de
618 937 717 986 causis=
743 936 856 1005 primum
883 941 958 986 aetas
976 933 1140 985 Archestrati
1159 932 1301 998 obloquitur.

163 1028 307 1080 Clearchus
334 1027 466 1091 Solensis,
492 1028 617 1092 Lynceus
644 1026 762 1093 Samius,
788 1028 933 1094 Dionysius
953 1026 1110 1092 Sinopensis
1135 1026 1248 1075 comicus
1273 1053 1301 1059 -

163 1126 302 1186 praeterea
325 1121 354 1169 in
378 1120 470 1185 primis
490 1118 651 1185 Chrysippus
670 1120 812 1187 Lycophro
832 1119 1009 1171 Callimachus
1034 1147 1072 1153 —
1094 1116 1174 1168 Ascli.
1200 1133 1301 1167 comme-

164 1217 276 1263 morant.
316 1211 448 1278 [Lynceus
473 1215 499 1261 et
522 1211 665 1263 Clearchus
688 1213 710 1278 I,
730 1213 833 1263 4d—f.
873 1211 913 1262 Cl.
932 1211 993 1275 VII,
1014 1210 1067 1260 285
1081 1227 1105 1261 5.
1128 1209 1202 1273 VIII,
1220 1209 1268 1257 337
1279 1209 1301 1263 b.

165 1306 198 1368 X,
218 1304 360 1354 4515-5.
399 1305 447 1369 Ly.
467 1303 528 1367 Vll,
549 1302 601 1353 285
616 1319 638 1354 e.
659 1304 718 1368 VII,
740 1304 792 1353 295
806 1321 831 1356 a.
850 1305 911 1368 VII,
925 1303 977 1352 313
992 1302 1095 1353 1-314
1109 1318 1134 1353 5.
1170 1302 1301 1366 Dionysius

164 1397 213 1458 IX,
232 1394 285 1443 405
299 1393 334 1460 b]
373 1396 490 1446 Vocatur
502 1387 656 1464 Ἐπικούρῳ
669 1390 705 1464 τῷ
720 1391 795 1464 55φῷ
808 1394 855 1465 τῆς
872 1389 972 1465 ἡδονῆς
987 1388 1146 1464 5505555515
1164 1395 1213 1453 ΙΙΙ,
1228 1394 1270 1441 101
1280 1394 1301 1458 fg

165 1504 182 1538 5
195 1487 343 1553 Chrysippo
362 1488 413 1551 Ill,
435 1487 487 1534 104
501 1502 517 1536 a
529 1486 555 1538 b.
574 1487 635 1552 VII,
656 1487 709 1537 298
723 1487 769 1538 51.
789 1488 864 1553 VIII,
884 1489 937 1538 335
951 1488 1030 1539 b-e.
1067 1488 1191 1554 Lynceus
1210 1487 1301 1539 Samius

166 1580 342 1646 Theophrasti
368 1579 512 1645 discipulus
538 1583 608 1643 erat,
633 1581 742 1631 Duridis
762 1580 844 1631 Samii
869 1580 987 1631 historici
1011 1580 1093 1631 155155
1118 1578 1220 1646 [Athen.
1235 1579 1301 1644 VIIL

167 1673 219 1722 337
234 1671 273 1738 dl,
299 1672 440 1722 Menandri
465 1677 491 1722 et
515 1672 653 1738 Posidippi
680 1673 800 1739 aequalis
825 1671 868 1739 [51.
889 1672 961 1723 Suid.
980 1672 1017 1738 Π,
1038 1672 1100 1724 466.
1129 1672 1222 1723 Athen.
1239 1672 1301 1738 XIV,

167 1765 219 1814 652
238 1762 276 1829 cl:
302 1765 390 1815 floruit
414 1764 494 1829 igitur
518 1765 588 1815 intra
607 1780 692 1816 anuos
713 1765 870 1827 310-260;
896 1765 931 1814 56
956 1781 1022 1830 5555
1048 1780 1134 1816 55555
1158 1780 1188 1814 55
1211 1779 1301 1830 quoque

168 1858 302 1921 ducimur,
332 1857 403 1922 quod
427 1857 459 1907 de
484 1857 630 1907 Menandro
655 1858 770 1923 scripsit,
796 1857 829 1907 65
850 1857 1030 1909 PtolemaeiI
1055 1857 1166 1907 Lamiae
1189 1857 1299 1921 Antigoni

168 1951 238 2016 regis
258 1949 393 2015 conviviis,
412 1949 446 1998 ad
459 1949 613 2014 Diagoram,
633 1950 668 1999 ad
686 1950 891 2016 Hippolochum,
911 1949 1015 2000 similia.
1041 1949 1184 2000 Clearchus
1198 1947 1298 1999 Solensis

167 2043 317 2093 Aristotelis
331 2045 388 2091 erat
400 2040 559 2105 discipulus3
572 2042 706 2107 scripserit
718 2043 797 2109 igitur
808 2044 879 2092 intra
891 2057 977 2091 annos
989 2040 1074 2090 330-
1083 2040 1145 2092 280.
1172 2040 1295 2106 Dionysius

168 2136 323 2200 Sinopensis
349 2134 465 2184 comicus
487 2133 646 2198 Nicostrati,
671 2134 856 2202 Aristophanis
880 2133 929 2184 filii
954 2132 997 2199 [51.
1017 2126 1227 2203 Ἀριστοφάνους
1243 2129 1292 2199 βίος.

170 2228 265 2278 Suidas
290 2227 467 2277 Philetaerum
492 2226 598 2276 tertium
622 2226 705 2277 filium
729 2225 861 2292 praebet],
890 2226 1008 2292 aequalis
1033 2225 1089 2276 1555
1114 2225 1217 2292 [Athen.
1237 2224 1292 2287 XIV,

171 2317 265 2384 615f],
291 2319 394 2369 mediae
418 2319 468 2368 1511
494 2319 648 2369 comoediae
667 2324 760 2385 poeta;
786 2334 872 2385 quem,
901 2335 960 2368 cum
980 2310 1096 2387 ματτύην
1122 2317 1222 2384 [Athen.
1238 2315 1293 2378 XIV,

171 2411 223 2459 664
237 2410 263 2478 6[
284 2413 403 2462 nominet
420 2411 599 2461 Macedonum
618 2411 724 2461 demum
743 2416 829 2462 aetate
842 2410 952 2461 Athenis
971 2410 1108 2475 vulgatam
1128 2409 1228 2476 [Athen.
1238 2407 1293 2471 XIV,

169 2504 221 2553 662
234 2502 263 2569 1[,
282 2481 352 2553 intra
371 2519 455 2554 annos
474 2501 619 2552 380-330
639 2519 739 2569 ponere
759 2504 893 2555 debemus.
930 2505 1062 2568 Epicurus
1074 2502 1184 2568 primam
1200 2501 1296 2553 scholam

170 2597 289 2647 condidit
308 2598 378 2646 circa
396 2611 496 2647 aunum
515 2597 577 2647 310.
591 2598 689 2646 --His
709 2597 831 2648 omnibus
844 2596 1018 2646 consideratis
1032 2611 1191 2646 consensum
1203 2596 1299 2646 virorum

117 2681 119 2684 ¹
171 2690 308 2740 doctorum
332 2705 373 2739 me
397 2704 474 2754 spero
493 2687 615 2752 laturum,
638 2690 661 2739 si
679 2689 750 2738 51555
768 2703 853 2738 55555
873 2687 1019 2737 aco-330
1043 2687 1125 2754 [certe
1143 2704 1198 2739 non
1214 2679 1301 2754 postca]

171 2781 333 2833 Archestrati
350 2797 446 2847 poema
470 2762 645 2846 compositum
661 2796 719 2830 esse
738 2780 846 2846 colligo.
881 2779 1058 2831 Ribbeehium
1077 2797 1181 2847 quoque
1194 2780 1264 2830 rideo
1280 2780 1301 2828 15

170 2878 240 2927 Μ55.
259 2875 343 2925 Rhen.
363 2874 410 2938 XI,
424 2872 477 2922 200
491 2888 547 2938 sqq.
580 2873 777 2923 Archestratum
797 2873 832 2923 ol.
853 2873 904 2921 110
926 2893 957 2916 =
979 2887 1019 2923 ca.
1035 2871 1088 2921 340
1109 2889 1133 2925 a.
1147 2873 1177 2924 C.
1196 2873 1301 2923 tribuere

171 2970 290 3031 Quocum
317 2967 421 3032 egregie
447 2966 579 3029 convenit,
605 2966 674 3032 quod
699 2966 771 3031 apud
793 2966 872 3017 Arch.
899 2964 1003 3031 [Athen.
1026 2965 1073 3028 IV,
1095 2965 1146 3013 163
1162 2965 1214 3015 de.
1238 2964 1301 3014 Ribb

171 3061 202 3112 fr.
223 3058 266 3125 28]
293 3060 326 3110 65
350 3058 468 3109 Diodoro
494 3057 630 3122 Aspendio
654 3058 821 3124 Pythagoreo
848 3057 884 3124 [et
903 3055 1013 3122 Cynico]
1039 3073 1125 3108 sermo
1153 3062 1200 3107 est.
1237 3057 1301 3106 Aeta

171 3154 227 3203 eius
246 3153 274 3201 in
293 3151 408 3201 mediam
427 3150 590 3200 comoediam
609 3151 715 3201 incidit:
740 3150 825 3201 551555
848 3151 882 3200 56
902 3151 958 3200 5155
977 3154 1078 3200 sectam
1097 3165 1147 3199 nec
1167 3166 1220 3199 nou
1240 3149 1301 3198 51155

171 3261 312 3311 personam
337 3260 392 3294 555
415 3244 500 3294 solum
518 3243 716 3308 Aristophontis
738 3242 831 3308 fragm.
856 3242 952 3294 Athen.
972 3242 1020 3306 IV,
1042 3241 1120 3291 1611
1143 3237 1301 3307 [65115055

171 3334 264 3409 5155511
285 3336 332 3386 556
344 3334 502 3401 Antiphanis
523 3352 625 3402 quoque
642 3340 668 3386 et
682 3335 801 3385 Alexidis
820 3334 914 3400 fragm.
935 3352 958 3387 5.
973 3335 1016 3386 52.
1056 3333 1110 3400 [Sic
1123 3334 1223 3399 primus
1236 3333 1301 3383 Zelle

171 3429 238 3479 Phil.
259 3428 306 3478 der
325 3427 455 3478 Grieehen
474 3427 516 3477 III
536 3429 560 3491 2,
576 3428 608 3476 ’19
623 3444 678 3494 sqq.
703 3433 730 3478 et
753 3433 834 3478 antea
854 3429 934 3493 „iiber
953 3428 1005 3478 den
1023 3426 1256 3492 Zusammenhang
1275 3427 1301 3476 dr

171 3522 338 3571 Essaeismus
363 3521 411 3571 mit
436 3520 495 3570 dem
515 3517 719 3571 Griechentum“
744 3522 772 3568 in
791 3520 883 3571 Theol.
902 3519 994 3570 Jahrb.
1018 3519 1076 3583 XV,
1096 3516 1158 3571 401,
1192 3518 1245 3580 Qui
1268 3536 1301 3570 no

172 3618 243 3664 recte
263 3629 305 3663 me
323 3612 411 3662 iudice
428 3612 574 3663 Diodorum
593 3613 669 3662 initio
688 3612 757 3662 tertii
776 3628 846 3663 saec.
870 3611 924 3677 [vel
943 3613 1020 3663 annis
1039 3613 1111 3661 circa
1131 3608 1198 3675 300)
1223 3612 1301 3662 tribui

172 3707 225 3757 Cur
244 3707 316 3755 enim
335 3705 502 3770 antiquorum
519 3705 626 3754 testium
646 3704 788 3755 consensui
807 3703 986 3769 obloquamur,
1010 3705 1055 3769 qui
1073 3703 1108 3753 ad
1128 3718 1189 3755 eum
1209 3704 1301 3768 primm

172 3799 309 3849 doctrinae
321 3797 545 3862 Pythagoreorum
559 3814 618 3847 cum
632 3798 791 3863 Cynicorum
804 3796 912 3846 vivendi
924 3797 1026 3846 ratione
1040 3811 1171 3847 conexum
1185 3796 1301 3847 6515555

173 3892 221 3942 Sin
245 3907 308 3942 vero
335 3890 429 3941 comici
452 3889 491 3939 illi
510 3890 656 3940 Diodorum
681 3896 707 3940 et
732 3892 787 3940 eius
811 3889 927 3941 asseclas
947 3888 1077 3952 derident,
1101 3904 1156 3939 non
1182 3905 1301 3954 possumr

172 3998 229 4035 555
248 3998 308 4032 cum
323 3982 442 4032 Bentleio
461 3981 557 4045 155555,
577 3982 667 4047 quiin
685 3999 803 4048 respons.
824 3983 858 4031 ad
877 3981 906 4031 C.
921 3981 1004 4045 Boyle
1022 3997 1048 4046 p.
1065 3980 1098 4028 48
1119 3997 1180 4032 eum
1202 3983 1301 4047 ,etiat

213 4128 216 4133 ,
245 4089 274 4140 p.
294 4072 393 4126 CXIV“
415 4072 461 4139 (ob
481 4074 671 4141 Stratonicum)
688 4076 792 4139 degisse
812 4071 923 4139 statuit].
961 4073 1035 4123 Vixit
1052 4072 1166 4123 15515555
1185 4089 1272 4139 55555
1292 4091 1301 4124 5

74 4020 318 4346 Thumi
329 4171 460 4232 temporat
480 4168 577 4233 quippe
590 4167 618 4216 in
632 4183 708 4234 quem
723 4167 856 4234 scripserit
870 4166 1041 4228 Stratonicus,
1062 4167 1105 4233 qui
1120 4166 1210 4216 aulam
1224 4168 1299 4232 regia
