2618 4614
628 203 775 303 „lr-

123 405 192 471 Nic.
215 405 309 471 Ther.
332 407 394 471 585
417 405 502 496 [Keil
523 407 574 491 46,
590 405 657 495 22]:
691 404 883 493 βούπλενρον
906 403 1114 483 -λάχανον,
1146 389 1183 470 οὗ
1208 428 1282 485 μνη-

127 507 248 589 μονεύει
262 512 434 596 Νίκανδρος
457 509 488 574 ἐν
503 513 546 596 τῷ
570 509 804 597 ἐπιγραφομένῳ
825 507 1230 596 institututionem
1252 507 1284 572 ἓν

125 617 168 697 τῷ
191 614 263 699 περὶ
287 610 435 690 λαχάνων.
489 612 556 678 Νοο
585 612 666 676 alius
694 612 764 696 fuit,
799 613 888 676 ouius
914 595 1031 677 nomen
1057 613 1169 677 novies
1198 633 1283 675 com-

124 724 318 779 memoratur
339 717 372 779 in
394 717 544 800 anonymi
562 718 634 804 περὶ
654 714 785 800 ἰοβόλων
798 723 946 796 tractatu,
968 716 1058 778 cuius
1072 723 1182 802 partes
1204 736 1283 778 non-

124 816 225 881 nullas
252 817 363 883 Rohde
392 819 474 883 Mus
503 819 604 884 Rhen.
627 818 861 883 XXV1H264
883 806 952 903 sqq.
985 840 1027 881 ex
1059 817 1170 882 codice
1192 816 1284 882 Vati-

125 942 203 984 cano
220 919 327 985 edidit.
361 920 515 986 Probavit
535 922 647 987 Rohde
668 922 753 986 hunc
767 920 948 1005 Archigene
969 942 1064 984 usum
1079 942 1159 1003 esse,
1184 943 1284 1006 quem

125 1022 241 1086 scimus
262 1025 296 1086 in
318 1023 337 1088 l.
361 1028 432 1113 περὶ
450 1013 581 1109 ἰοβόλων
595 1025 798 1111 Epaonetum
820 1021 876 1088 τὸν
898 1023 1064 1110 ῥιζοτόμον
1082 1022 1282 1088 adhibuisse.

125 1125 201 1189 Veri
228 1126 326 1210 igitur
354 1136 402 1192 est
430 1127 625 1192 simillimum
650 1128 853 1214 Epaenetum
881 1149 923 1190 ex
948 1147 1081 1190 numero
1110 1128 1283 1190 innumero

125 1228 320 1293 medicorum
341 1229 448 1312 fuisse,
479 1232 535 1317 qui
556 1228 802 1319 ὀψοριοιικούς,
827 1232 1040 1318 ῥιζοτομικοὺς
1061 1228 1180 1312 λόγους,
1210 1231 1285 1317 περὶ

125 1329 264 1408 λαχάνων
285 1341 317 1396 et
339 1335 410 1418 περὶ
431 1331 562 1416 ἰοβόλων
582 1332 680 1398 libros
703 1335 882 1421 promiscue
904 1332 1123 1397 condiderunt.

209 1435 325 1498 itinere
347 1443 396 1499 sat
416 1434 574 1500 laborioso
596 1434 739 1499 confecto
754 1436 818 1499 iam
838 1437 1056 1522 respiciamus
1094 1435 1177 1500 Sunt
1198 1436 1285 1500 inter

126 1537 297 1623 scriptores
312 1537 468 1602 medicam
491 1539 690 1603 diaeteticam
705 1537 890 1603 culinariam
912 1547 1012 1603 artem
1030 1537 1203 1624 professos,
1226 1540 1284 1624 qui

126 1639 167 1704 ab
199 1638 364 1706 Athenaeo
398 1655 434 1706 ut
464 1651 578 1728 putant
610 1642 754 1726 excerpti
786 1650 868 1723 sunt,
902 1649 937 1705 ut
970 1642 1115 1706 omittam
1139 1641 1283 1705 minores

127 1742 287 1829 semelque
308 1745 496 1828 nominatos,
525 1745 672 1810 exeuntis
695 1744 797 1829 quinti
819 1767 846 1808 a.
871 1743 907 1808 C.
929 1767 960 1808 n.
991 1743 1122 1808 saeculi:
1154 1743 1284 1830 Hippo-

125 1854 226 1910 crates
249 1845 344 1931 Cous,
367 1847 496 1913 Diocles
515 1847 691 1933 Carystius,
714 1846 891 1911 Mithaecus
914 1844 1148 1932 Syracusanum
1173 1849 1282 1933 quarti

125 1948 327 2034 Praxagoras
361 1950 456 2034 Cous,
489 1950 688 2032 Plistonious,
722 1947 922 2034 Philotimus,
954 1948 1151 2014 Mnesitheus
1182 1948 1281 2012 Athe-

125 2053 252 2132 niensis,
283 2053 427 2117 Philistio
449 2053 584 2135 Locrus,
611 2062 647 2116 ut
667 2052 795 2117 videtur
815 2052 944 2117 Euenor
971 2074 1108 2138 quoque,
1136 2051 1281 2117 Heracli-

126 2155 181 2220 des
215 2154 444 2241 Syracusanus‚
479 2155 619 2220 Glaucus
651 2156 784 2237 Locrus;
817 2155 903 2219 tertii
934 2152 1085 2240 Diphilus
1115 2153 1279 2240 Siphnius,

124 2258 346 2343 Erasistratus,
368 2257 512 2324 Andreas
528 2258 705 2344 Carystius,
727 2257 880 2339 Philinus,
904 2255 1053 2321 Glaucias
1070 2255 1279 2346 [Glaucidas],

124 2361 310 2426 Heraclides
337 2363 543 2445 Tarentinus3
576 2362 710 2427 fortasse
736 2363 832 2426 etiam
853 2358 1051 2447 Apollonius,
1084 2359 1277 2443 Philonides,

124 2464 348 2551 Apollodorus,
380 2465 612 2550 Euthydemus,
641 2465 703 2528 nisi
729 2463 762 2528 hi
787 2464 962 2550 poteriores
990 2461 1113 2549 paullo;
1147 2463 1280 2527 secundi

124 2569 321 2654 Epa-enetus3
344 2570 439 2655 primi
461 2579 493 2633 et
513 2577 694 2654 temporum
715 2566 855 2651 Augusti
876 2566 1060 2652 Tiberiique
1075 2566 1225 2630 Hicesius
1247 2574 1278 2630 et

124 2670 326 2752 Menodorus,
347 2670 508 2751 Iatrocles,
530 2670 731 2757 Chrysippus
753 2670 940 2756 Tyanensis,
961 2668 1174 2755 Harpocratio
1190 2669 1277 2733 Men-

128 2774 244 2855 desius,
265 2775 442 2858 Dionysius
464 2773 633 2838 Uticensis.

125 2920 208 2970 nasci.
234 2919 355 2968 Eundem
373 2935 436 2970 vero
455 2920 525 2970 hunc
545 2936 602 2971 esse
621 2929 700 2987 atque
719 2919 942 2985 Aristophaneum
962 2920 1017 2970 veri
1029 2919 1114 2970 simile
1137 2923 1186 2982 est,
1206 2919 1278 2984 quod

126 3017 152 3062 et
174 3011 247 3062 Theo
274 3016 301 3061 et
324 3011 506 3062 Artemidorus
530 3009 598 3072 λέξιν
622 3007 738 3081 κωμικὴν
763 3014 977 3077 conscripserunt
1009 3011 1052 3079 [cf.
1078 3028 1119 3076 ep.
1143 3012 1210 3062 Hes.
1241 3013 1276 3062 ad

125 3105 219 3169 Eulog.
247 3109 273 3154 et
297 3103 399 3154 Ahrens
418 3104 435 3156 l.
455 3102 493 3169 l.],
519 3104 712 3156 Artemidorum
738 3110 827 3156 autem
854 3107 886 3156 ab
912 3104 1112 3169 Aristophaneis
1137 3103 1276 3169 probabile

125 3202 166 3248 est
184 3197 340 3261 declinasse,
359 3213 419 3247 cum
438 3212 536 3248 nomen
556 3198 580 3246 ei
599 3199 634 3248 sit
650 3198 763 3249 inditum
783 3190 1096 3267 ὁιμενδαριστοφοὶνειος.
1128 3196 1162 3247 cf.
1178 3196 1275 3251 Athen.

123 3291 145 3355 1,
160 3292 175 3339 5
189 3291 206 3341 b
223 3294 249 3341 et
265 3290 338 3340 Suid.
353 3306 373 3341 s.
387 3307 412 3343 v.
426 3287 448 3338 Τ
451 3286 582 3358 ιμαχίδας.
610 3307 634 3341 v.
655 3306 735 3356 supra
753 3307 779 3356 p.
790 3291 825 3340 48
839 3292 901 3342 adn.
915 3289 940 3340 4.
964 3290 1011 3354 XI,
1023 3287 1076 3338 485
1087 3303 1110 3338 e.
1139 3288 1198 3339 Nec
1210 3292 1275 3355 puto

123 3382 333 3448 Aristophaneos
353 3397 435 3449 aeque
456 3383 563 3433 durasse
583 3386 662 3448 atque
680 3383 863 3434 Aristarcheos
882 3386 909 3433 et
924 3381 1074 3444 Crateteos3
1092 3381 1276 3432 Artemidorus

123 3476 235 3527 fortasse
260 3475 367 3525 ultimus
392 3475 454 3540 fuit,
481 3476 554 3525 cuius
579 3473 648 3524 tilius
668 3471 742 3526 Θέων
755 3468 953 3545 Ἀρτεμιδώρου
975 3472 1025 3539 [Et.
1044 3474 1081 3524 M.
1101 3489 1123 3525 s.
1142 3490 1167 3523 v.
1189 3465 1275 3542 ἅμμῳ]

125 3568 231 3620 scholae
262 3566 446 3618 Aristarcheae
483 3567 604 3633 praefuit.
655 3566 696 3615 Ex
734 3565 817 3618 schol.
847 3567 925 3616 Arist.
956 3581 1030 3630 vesp.
1067 3565 1137 3614 1239
1170 3567 1275 3617 Duebn.

124 3678 152 3727 p.
175 3662 255 3712 1621)
274 3661 451 3725 intellegimus
469 3658 662 3709 Artemidorum
679 3658 808 3708 Chaeride
819 3658 996 3723 Aristarcheo,
1016 3660 1072 3708 eius
1091 3657 1146 3708 filio
1165 3659 1276 3724 Apollo-

125 3756 185 3817 nio,
209 3755 343 3806 Herodico
368 3752 450 3802 fuisse
475 3751 619 3814 iuniorem3
652 3756 768 3803 ceterum
795 3767 843 3816 pro
861 3743 1012 3818 Ἀμμώνιος
1040 3766 1100 3801 cum
1125 3751 1195 3801 Blau
1218 3751 1237 3803 l.
1256 3751 1276 3802 1.

121 3840 301 3907 Ἀπολλώνιος
329 3844 470 3910 legendum
499 3847 571 3908 puto.
609 3844 699 3910 Nuper
717 3844 796 3896 Giese
823 3843 852 3893 in
881 3843 943 3894 diss.
962 3844 1077 3894 Monast.
1107 3842 1141 3893 de
1165 3843 1276 3895 Theone

126 3940 304 3990 Grammatico
329 3935 407 4001 1867,
431 3952 457 4001 p.
477 3935 512 3983 32
526 3951 565 4001 sq.
591 3935 730 4000 dubitavit,
760 3952 823 3986 num
848 3935 964 3986 Theonis
994 3939 1070 4002 pater
1092 3915 1276 3987 Artemidorus

125 4032 159 4082 sit
170 4030 394 4096 Aristophaneus;
412 4045 467 4080 non
486 4033 585 4079 certum
604 4028 676 4092 mihi,
696 4029 745 4078 sed
756 4029 834 4079 valde
853 4028 908 4079 veri
921 4027 1006 4077 simile
1024 4027 1137 4081 videtur.
1168 4027 1276 4099 πρῶιον

124 4119 227 4197 ψεῦδος
246 4130 294 4184 est,
313 4123 384 4194 quod
402 4122 446 4172 ille
467 4123 533 4172 duos
552 4121 738 4185 grammaticos
758 4122 865 4171 nomine
885 4120 1067 4171 Artemidorus
1085 4122 1187 4171 statuit.
