2640 4628
714 323 736 386 4

154 535 185 590 et
205 527 485 610 interpretamenta
505 522 783 609 Montepessulana
804 531 878 587 tota.
921 523 1023 587 Immo
1050 524 1130 588 adeo
1153 524 1252 610 ἓρμηνι

154 626 258 707 μάτων
284 635 399 690 natura
424 623 573 690 abhorret
592 623 633 690 ab
656 622 813 708 omnibus,
843 646 924 711 quae
950 624 988 690 de
1010 624 1148 689 Pollucis
1170 627 1252 712 scrip

155 739 186 795 et
212 726 317 793 indole
344 728 475 809 scimus,
507 735 610 792 utne
636 725 735 790 multo
762 727 890 811 gravius
924 725 1052 812 quidem
1081 728 1253 791 testimonii

153 832 245 896 nobis
275 828 389 895 debeat
408 830 571 915 imponere
598 850 694 915 quam
715 828 934 914 Hermonymi,
961 829 1050 891 cuius
1078 831 1253 893 auctoritate

154 931 312 1020 quomodo
335 930 553 1016 expediamus,
574 931 644 1017 ipse
664 929 840 995 Boucherie
862 928 941 993 duas
962 928 1114 995 indicavit
1134 931 1202 995 vias
1221 930 1254 994 al

154 1057 222 1099 ram
244 1041 415 1120 praeeunte
436 1032 564 1118 Eggero
574 1040 610 1118 ¹).

238 1134 372 1200 Gratum
391 1132 484 1199 nobis
505 1135 681 1218 accidisset,
703 1135 731 1198 si
744 1132 870 1198 fortuna
889 1155 1005 1198 nomen
1027 1135 1104 1217 eius,
1127 1135 1182 1220 qui
1203 1135 1255 1198 int«

153 1245 351 1324 pretamenta
370 1235 649 1322 Montepessulana
676 1235 727 1301 vel
746 1234 915 1301 Leidensia
923 1237 950 1320 1)
979 1236 1165 1320 composuit,
1192 1257 1256 1320 post

152 1341 239 1403 ritati
266 1361 330 1403 non
357 1336 531 1402 invidisset.
581 1336 662 1402 Oum
689 1359 764 1402 vero
792 1336 946 1421 Loewiiss)
976 1345 1007 1402 et
1028 1336 1257 1402 Krumhacheri

228 1564 254 1626 1)
281 1564 322 1617 cf.
349 1569 404 1614 not.
431 1570 458 1615 et
481 1569 545 1616 extr.
569 1564 674 1628 XXIII,
699 1563 742 1627 II,
769 1563 821 1612 283
835 1580 873 1629 sq.
898 1570 924 1615 et
946 1563 1009 1614 286.
1034 1566 1095 1616 adn.
1116 1567 1147 1630 2,
1174 1567 1254 1617 editio

152 1657 292 1722 peculiaris
314 1683 344 1692 -
366 1656 439 1706 cuius
457 1657 578 1722 paginas,
597 1670 663 1720 quas
681 1655 758 1706 video
777 1670 794 1704 a
812 1655 958 1707 Biichelero
977 1658 1004 1707 in
1020 1657 1187 1708 Fleckeiseni
1205 1675 1256 1709 ann

153 1750 205 1799 vol.
222 1747 290 1812 CXI,
310 1748 360 1796 311
376 1763 433 1813 sqq.
452 1746 583 1798 adhibitas
601 1763 618 1797 a
635 1746 831 1798 Krumbachero
851 1744 894 1813 [cf.
914 1748 932 1798 l.
945 1748 964 1797 l.
984 1765 1010 1814 p.
1032 1749 1074 1798 63.
1094 1749 1156 1799 adn.
1177 1749 1255 1815 1511]

152 1841 301 1892 intellectas
321 1854 390 1902 esse,
417 1838 524 1889 alterius
548 1837 683 1905 [deinceps
706 1837 820 1903 simplici
837 1838 936 1889 Bouch.
957 1839 1089 1906 notandis]
1112 1842 1256 1892 cancellis:

153 1933 240 1983 clusas
259 1930 356 1981 addam
374 1957 408 1966 —
428 1946 454 1995 p.
476 1931 490 1980 7
510 1935 536 1980 et
556 1930 598 1981 10.
643 1929 696 1980 Sed
715 1929 748 1979 cf.
773 1929 901 1994 imprimis
925 1945 992 1995 quae
1010 1931 1177 1984 Massebieau
1202 1949 1256 1983 con

152 2023 326 2075 Boucherium
346 2020 502 2087 disputavit:
519 2026 575 2074 not.
594 2026 620 2071 et
639 2026 703 2072 extr.
722 2021 832 2085 XXVII,
850 2021 886 2083 11,
905 2020 1057 2072 tet-462.

226 2112 254 2179 2)
272 2114 569 2178 Interpretamentomm
586 2112 764 2175 Leidensium‚
784 2126 851 2177 quae
869 2114 898 2162 in
917 2112 995 2164 codd.
1012 2114 1177 2178 sangallensi
1196 2115 1248 2163 902

151 2205 277 2256 Leidensi
295 2204 426 2254 Vossiano
450 2203 551 2254 Graeco
577 2204 623 2268 IV,
644 2204 668 2252 7.
694 2207 798 2253 servata
822 2209 896 2268 sunt,
916 2206 1037 2256 notitiam
1062 2205 1137 2256 dedit
1159 2207 1255 2257 Biokit

154 2297 292 2363 ,Dosithei
316 2295 435 2361 Magistri
458 2295 749 2360 interpretamentomm
774 2294 840 2346 liber
864 2297 964 2348 tertius.
1008 2297 1109 2348 Graece
1134 2303 1161 2348 et
1184 2297 1254 2348 latim

152 2390 263 2440 Bonnae
284 2385 363 2451 1833ΙΙ
389 2387 421 2437 cf.
442 2386 525 2453 praef.
543 2386 703 2437 VII—XXI.
741 2385 862 2437 Ceterum
881 2387 914 2438 de
932 2388 1060 2439 Dositheo
1085 2394 1192 2440 auctore
1215 2406 1254 2440 ner

152 2480 214 2530 dum
233 2480 341 2544 cogitat,
361 2494 393 2528 ex
412 2493 464 2544 quo
479 2477 605 2529 iudicium
619 2477 697 2528 desiit
711 2477 827 2543 pendere
842 2493 874 2528 ex
892 2477 943 2530 hac
961 2481 1123 2544 recensione,
1143 2482 1252 2547 quaint

151 2575 315 2636 pretamenta
333 2585 393 2620 cum
411 2574 467 2619 arte
484 2568 648 2619 Dositheana
665 2569 808 2620 coniuncta
827 2574 939 2620 exstant.
968 2571 1002 2621 cf.
1020 2571 1119 2621 Bouch.
1140 2572 1254 2620 279—22

151 2660 253 2728 e-u-
1281 2656 1293 2721 '1

169 2730 170 2733 Ἴ
224 2752 253 2816 3)
273 2750 313 2802 Cf.
338 2751 496 2803 Prodromus
521 2752 638 2818 corporis
662 2751 850 2817 glossariorum
874 2753 1037 2806 Latinorum.
1079 2753 1187 2818 Lipsiae
1214 2753 1285 2816 18?ss

150 2860 178 2909 p.
198 2841 350 2893 noe-208.

223 2932 253 2999 4)
272 2933 314 2984 Ad
335 2933 524 2984 Krumbacheri
550 2933 760 2984 dissertationem
784 2943 863 2999 supra
887 2934 1074 3001 significatam,
1100 2934 1134 2985 ad
1160 2951 1238 3000 quam
1264 2943 1293 2992 i*

151 3027 189 3077 eis
207 3041 274 3093 quae
293 3029 417 3076 secuntur
434 3024 560 3076 lectorem
578 3026 674 3076 tacitus
687 3041 790 3092 quoque
809 3041 912 3091 semper
929 3026 1061 3091 relegabo,
1081 3026 1211 3076 accedunt
1224 3044 1278 3094 qua

149 3117 181 3167 de
195 3116 254 3168 cod.
267 3115 411 3168 Harleiano
431 3116 586 3182 disputavit:
605 3116 783 3182 Sitaungsber.
800 3117 846 3168 der
858 3117 953 3183 philos.
972 3117 1062 3184 philol.
1080 3134 1107 3168 u.
1124 3117 1183 3167 hist.
1198 3117 1276 3174 Olass

148 3209 195 3260 der
207 3207 267 3272 Kgl.
286 3207 374 3272 bayer.
387 3207 472 3260 Acad.
491 3207 537 3258 der
548 3208 627 3259 Wiss.
643 3207 721 3260 1383.
740 3225 766 3275 p.
783 3208 933 3259 lae-203.
952 3237 988 3245 ——
1006 3209 1122 3260 Primum
1140 3210 1284 3266 innotuera

147 3315 195 3365 per
213 3300 358 3349 Henrieum
377 3297 539 3364 Stephanum
557 3299 686 3351 eiusmodi
705 3300 874 3365 glossarium
899 3301 932 3352 cf.
954 3301 1105 3367 ,Glossaria
1124 3302 1184 3366 duo,
1205 3318 1219 3351 e
1240 3304 1276 3356 sit

147 3391 285 3442 vetustatis
305 3395 390 3440 erutas
409 3389 444 3439 ad
461 3390 596 3456 utriusque
614 3391 721 3458 linguae
733 3393 910 3458 cognitionem
930 3398 956 3444 et
968 3393 1200 3458 locupletationem
1213 3408 1300 3458 pem,

147 3480 231 3546 tilia“,
250 3481 366 3544 Parisiis,
386 3495 457 3531 anno
478 3482 556 3546 1573,
576 3482 620 3534 ubi
638 3483 700 3534 inde
720 3498 737 3532 a
754 3499 782 3548 p.
801 3483 854 3532 237
873 3485 908 3534 ad
927 3483 977 3532 281
1000 3489 1115 3535 exstant:
1142 3485 1297 3550 ,Excerpta

148 3589 180 3624 ex
199 3573 258 3642 aliis
276 3571 407 3623 veteribus
430 3573 523 3624 lexicis
542 3573 746 3639 Graecolatinis,
771 3590 817 3626 seu
837 3574 986 3640 glossariis,
1012 3574 1053 3635 (ut
1077 3580 1140 3627 tunc
1164 3581 1299 3641 temporis

146 3662 290 3729 vocabant)
309 3663 452 3728 vocabula,
474 3666 503 3716 in
522 3670 594 3715 certa
611 3666 713 3731 capita,
733 3665 814 3716 veluti
832 3667 860 3716 in
880 3681 1032 3717 communes
1051 3668 1139 3728 locos,
1159 3666 1295 3732 digesta“.

146 3757 187 3805 Ex
205 3754 369 3819 praefatione
387 3771 413 3820 p.
434 3755 487 3805 233
507 3761 533 3806 et
552 3756 605 3805 236
624 3758 768 3823 praemissa
786 3757 874 3808 elucet
899 3757 965 3808 duas
987 3760 1013 3808 ei
1031 3759 1215 3824 suppeditasse
1236 3762 1294 3812 col·

145 3847 286 3908 lectiones,
312 3860 421 3911 quarum
441 3847 524 3898 altera
541 3848 622 3899 verba
644 3850 728 3901 latina
745 3865 853 3914 graece,
879 3849 963 3900 altera
986 3865 1084 3914 graeca
1106 3851 1188 3901 latine
1207 3851 1316 3919 inter-,1

144 3938 305 4003 pretabatur.
343 3935 491 4004 Stephanus
510 3937 586 3989 huius
606 3939 724 3991 ordinem
741 3942 862 3999 invertit,
887 3945 917 3990 ut
939 3940 979 3990 illi
998 3956 1065 4007 quae
1083 3941 1168 3992 lubuit
1187 3956 1220 3990 ex
1240 3941 1316 3995 hac-

145 4028 254 4079 adderet
271 4029 322 4092 ita,
341 4033 372 4078 ut
389 4043 460 4079 nunc
478 4030 568 4080 omnia
586 4047 603 4081 a
620 4031 710 4082 latinis
727 4031 868 4098 incipiant,
895 4031 987 4083 decem
1005 4038 1093 4083 autem
1113 4032 1202 4097 capita
1221 4033 1294 4087 inter
1313 4066 1316 4075 ·

144 4120 400 4186 unetquinquagmta
417 4120 457 4170 his
475 4149 512 4156 —
531 4121 613 4172 altero
632 4121 709 4172 alteri
727 4137 793 4173 voce
813 4121 940 4189 ,iterum“
960 4124 1099 4176 subiuncto
1118 4153 1155 4160 —
1174 4129 1292 4191 exstent,
1313 4140 1316 4149 ·

144 4211 239 4277 quibus
264 4210 347 4261 multa
371 4212 479 4262 nomina
504 4214 653 4264 communia
678 4217 748 4266 sunt.
805 4213 915 4281 Semper
940 4215 1021 4281 igitur
1046 4217 1074 4266 in
1100 4198 1316 4281 Stephanianisff
