2618 4614
657 199 698 266 38

604 290 752 301 .----

99 408 296 470 certantium.
323 404 361 469 cf.
378 427 428 469 ex.
444 426 490 488 gr.
505 403 635 490 Iosephi
649 412 713 470 ant.
731 405 779 488 17,
794 403 825 486 4,
839 402 869 468 4.
893 398 1117 467 Friedlitnder
1130 398 1174 463 Sit

97 508 144 592 Π,
174 508 235 572 307
259 529 329 593 sqq.
381 506 419 570 In
448 507 552 591 capite
581 516 672 572 sexto
702 506 823 573 decimo
853 506 1174 592 magistratuumno:

97 610 312 675 Romanorum
334 618 407 673 sunt
428 610 543 674 omnia.
587 609 711 696 Capitis
734 611 835 697 quinti
854 609 973 675 decimi
987 615 1118 694 partem
1130 625 1174 691 por

98 736 185 778 orem
214 715 286 801 περί
310 715 479 794 συγγενείας
510 711 568 796 „de
596 712 801 798 cognatione“
833 720 936 776 totum
971 708 1153 777 adscribere

99 816 225 881 sumzf.
251 817 342 880 195v:
365 816 437 903 περὶ
459 818 629 897 συγγενείας
650 815 690 880 de
712 816 910 899 cognatione.

99 918 259 1000 συγγένεια.
283 917 448 1002 Cognatio.
697 918 846 1000 συγγενὴς.
869 916 1049 1002 Cognatus.
1108 926 1112 931 ’

99 1022 130 1085 οἱ
150 1029 258 1101 γονεῖς.
282 1022 443 1087 Parentes.
697 1022 728 1085 οἱ
744 1019 856 1102 ἥλικες.
878 1019 1053 1102 ἡλικιῶται.
1077 1015 1174 1083 Coacta

738 1123 867 1189 Ooaevi.

98 1222 135 1289 τά
151 1224 329 1313 παιδάριον.
345 1224 362 1291 ὁ
379 1231 465 1301 παῖς.
478 1224 543 1299 δὸς.
558 1225 652 1290 Puer.
697 1225 733 1292 τὸ
757 1227 881 1312 βρέφος.
903 1223 1026 1288 Infans

99 1327 116 1391 ὁ
139 1327 262 1414 ἔφηβος.
284 1327 447 1413 Ephebus.
470 1327 632 1413 Impubes.
697 1329 715 1394 ὁ
738 1329 854 1415 ἐφήλιξ.
876 1326 996 1391 Pubes.

99 1429 116 1494 ὁ
138 1433 268 1507 νεανίας.
292 1429 494 1508 ὁνεανίσκος.
515 1430 653 1495 Iuvenis.
699 1431 831 1515 ὁμεραξ
846 1431 899 1494 καί
912 1429 950 1493 τὸ
967 1428 1133 1513 μειράκων.
1158 1423 1174 1487 l

738 1534 868 1599 lescens.

99 1632 116 1698 ὁ
140 1634 274 1715 μεσήλιξ.
296 1657 359 1711 κος.
385 1634 510 1699 Mediae
532 1635 653 1699 aetatis.
698 1637 715 1702 ὁ
738 1637 842 1724 γέρων.
871 1656 952 1711 ντος.
980 1632 998 1699 ὃ
1022 1633 1174 1722 πρέσβοςν

738 1737 755 1804 ὁ
779 1737 960 1825 πρεσβύτης.
985 1735 1102 1802 Senex.

99 1836 252 1927 ὁπατήρ.
276 1835 406 1924 πατρὸς.
430 1838 532 1904 Pater.
694 1840 713 1923 ἡ
737 1842 848 1929 μήτηρ.
872 1839 998 1926 μητρὸς.
1022 1838 1130 1904 Mater.

97 1941 116 2022 ἡ
140 1940 283 2027 μητρυιά.
306 1941 485 2006 Matertera.
695 1942 732 2009 τὸ
747 1945 862 2008 τέκνον.
878 1943 895 2006 ὁ
913 1941 989 2015 υίὸς.
1010 1941 1118 2006 Filiua
1135 1937 1174 2002 lla

98 2043 116 2109 ὀ
140 2045 269 2126 ἔγγονος.
291 2042 409 2117 υἱωνὸς.
432 2043 550 2129 Nepos,
695 2046 715 2127 ἡ
737 2044 841 2131 γραύς,
863 2043 969 2132 γραάς.
992 2043 1093 2108 Anus.
1113 2042 1174 2106 ven

763 2149 790 2178 0¹⁰

97 2183 287 2272 ἡθογάτηρ.
310 2184 395 2273 τρός.
417 2186 508 2253 Filia.
697 2191 716 2272 ἡ
739 2189 827 2279 κόρη.
849 2186 970 2252 Puella.
993 2186 1124 2274 Pupilla.

99 2289 116 2354 ὁ
139 2287 276 2376 άδελφύς
287 2291 418 2371 γνήσιος.
433 2291 547 2355 Frater
562 2291 654 2356 carm'.
696 2295 715 2375 ἡ
740 2289 870 2379 ἀδελφὴ.
887 2290 994 2355 Soror.

141 2392 193 2457 vel
213 2391 419 2479 legitimum).

98 2495 116 2561 ὁ
139 2493 279 2577 άνεψιός.
303 2494 529 2560 Consobrinus.
695 2497 714 2578 ἡ
737 2502 827 2584 χῆρα.
850 2494 966 2559 Vidua.

97 2598 116 2678 ἡ
140 2606 259 2684 στεῖρα.
284 2596 415 2662 Sterilis.
695 2599 748 2665 fol.
767 2600 851 2663 196³.
874 2597 891 2661 ὁ
915 2597 1052 2671 πάππος.
1075 2596 1165 2660 Avus.

98 2700 117 2781 ἡ
140 2699 257 2782 μάμμη.
280 2700 373 2764 Avia.
697 2700 714 2766 ὁ
736 2706 828 2777 θεῖος
850 2699 932 2785 πρὸς
953 2696 1085 2784 πατρὸς.
1105 2698 1174 2762 Patn

737 2807 790 2868 καί
811 2802 1043 2888 πατράδελφος.

99 2907 116 2971 ὁ
128 2910 222 2978 θεῖος.
230 2901 310 2993 πρὸς
322 2909 448 2990 μητρὸς.
458 2902 652 2968 Avunculus.
696 2906 713 2971 ὁ
726 2907 812 2981 νίκας
823 2908 876 2970 καί
886 2905 979 2986 τίθης
990 2907 1026 2992 ²).
1048 2903 1174 2969 Posthu

98 3005 268 3097 ἡτροφάς.
292 3012 339 3072 ού.
361 3006 487 3070 NutriX.
697 3007 881 3097 άτροφεύς.
905 3009 971 3081 tog.
998 3006 1150 3072 Nutritor.

98 3113 116 3177 ὁ
141 3111 325 3199 σύντροφος.
348 3108 577 3175 Collaotaneus.
697 3109 900 3198 ὁπενθερύς.
924 3108 1045 3192 ἑκυρὸς.
1069 3109 1171 3176 Socer.

97 3215 119 3296 ἡ
139 3211 287 3302 πενθερὰ.
310 3211 413 3300 ἓκαρά.
437 3214 563 3278 Socrus.
696 3214 713 3280 ὃ
737 3212 884 3304 γαμβρὸς.
909 3213 1025 3278 Gener.

98 3318 116 3398 ἡ
139 3317 251 3403 νύμφη.
274 3316 380 3379 Nurus
402 3324 434 3381 et
454 3338 580 3402 sponsa.
696 3317 713 3383 ὃ
736 3320 877 3405 νυμφίος.
900 3317 1054 3404 Sponsus.

174 3487 201 3556 1)
222 3489 417 3556 compendiose
431 3491 521 3541 omnia
540 3491 653 3556 scripta3
673 3493 720 3544 sub
742 3509 774 3558 „c
785 3508 823 3543 ar
833 3489 888 3544 ΜΨ
909 3492 972 3558 quid
985 3490 1069 3542 lateat
1081 3494 1172 3544 nescio

102 3580 286 3650 „germanus“.
331 3581 364 3632 cf.
390 3581 492 3633 Philox.
521 3583 697 3648 „Germanus,
724 3578 836 3652 Γνησιος
862 3576 1008 3651 άδελφάς“.
1047 3582 1111 3648 (lyr.
1133 3599 1174 3650 ηγν

101 3668 228 3744 ἀδελφὸς,
248 3671 419 3726 Germanus“.

172 3765 201 3833 2)
220 3766 273 3818 Sub
292 3765 336 3818 καί
351 3763 432 3835 νέθης
446 3765 511 3817 latet
523 3763 665 3835 γεννηθείς,
685 3763 758 3829 γένος
772 3768 806 3817 ad
819 3772 921 3832 patrem
934 3765 1112 3822 referendum.
1140 3767 1173 3819 of.

100 3860 196 3910 Fuitne
210 3865 245 3918 <
262 3851 278 3909 ὃ
292 3853 394 3929 πατρὸς
406 3874 435 3910 τε
447 3863 482 3916 >
495 3851 625 3926 θνηκότος
638 3856 791 3928 γεννηθείςί
821 3859 938 3910 Philox.:
957 3858 1107 3922 Postumus,
1130 3852 1174 3920 ὃζι

103 3949 147 4020 μὲν
159 3949 205 4004 τού
218 3944 320 4023 πατρὸς
333 3945 594 4020 συνλαμβανύμενος,
615 3944 800 4012 ἀποθανόντος
813 3946 843 4001 δὲ
856 3943 1024 4019 γεννώμενος.
1042 3949 1160 4002 Philox.:

101 4060 186 4108 umus,
198 4037 317 4112 ἀπάτωρ,
327 4038 391 4112 μετά
401 4036 521 4094 θάνατον
530 4036 631 4113 πατρὸς
640 4040 782 4112 γεννηθείς.
812 4043 845 4094 cf.
856 4043 915 4109 (lyr.
928 4048 954 4093 et
964 4043 1059 4093 Onom.
1077 4043 1174 4108 Elegar

102 4151 172 4192 mam
190 4137 367 4190 coniecturam
379 4137 482 4188 Usener
500 4152 604 4187 mecum
623 4137 828 4187 communicavit
846 4129 946 4187 ὃνίκοϊ
965 4130 1095 4194 <ὲπι>
1109 4150 1174 4200 γενντ
