2618 4614
224 403 241 468 ὁ
264 402 484 490 ὀνειροκρίτης.
661 429 708 471 ου.

224 507 241 571 ὁ
266 507 487 584 οἰωνοσκόαος.
664 532 710 574 ου.

223 609 240 674 ὁ
263 610 454 686 θυοσκόπος.
664 635 710 677 ου.

221 711 238 776 νε
265 710 482 796 ὀρνεοσκοπία.
666 737 713 790 ας.

222 814 258 879 τὸ
282 813 401 879 οἰωνὸν.
665 820 712 880 οὗ.

225 919 413 997 οἰωνίζομαι.
678 943 710 1002 ῃ.

222 1017 400 1102 προμηνύω.
658 1046 711 1097 εις.

222 1121 258 1186 τὸ
281 1121 477 1209 χρηστήριον.
663 1149 709 1190 ου.

223 1226 253 1290 οἱ
273 1228 415 1311 χρησμοὶ.
658 1232 708 1293 ῶν.

225 1328 242 1393 ὁ
264 1327 492 1414 χρησμοδότης.
666 1354 712 1395 ου.

224 1430 241 1495 ὁ
264 1436 391 1518 κλῆρος.
665 1456 711 1498 ου.

224 1531 260 1597 τὸ
282 1533 454 1613 θέσπισμα.
647 1559 710 1610 τος.

226 1638 402 1700 θεσπιωδεῐ
423 1634 440 1700 ὁ
463 1635 549 1714 θεὸς.

226 1740 256 1803 οἱ
276 1741 477 1824 θρησκευταὶ.
661 1746 711 1806 ῶν.

226 1843 256 1906 οἱ
278 1840 402 1922 μύσται.
666 1849 716 1909 ῶν.

227 1943 245 2008 ὅ
266 1943 453 2024 θεόληπτος.
668 1970 713 2011 ου.

226 2047 243 2112 ὁ
267 2046 438 2112 ἐνθουσιῶν
612 2062 619 2146 l

226 2150 243 2213 ὁ
267 2150 563 2232 ἐντεθουσιασμὲνος
612 2149 618 2223 l

793 405 970 473 Coniector.

796 510 920 595 Augur.

795 611 957 698 Aruspex.

796 714 987 800 Augurium.

799 815 912 882 Omen.

797 918 939 984 Ominor.
962 920 1132 1007 Auspioor.

796 1023 978 1108 Praesagio.
999 1023 1201 1091 Praenuntio

796 1123 980 1191 Oraoulum.

795 1226 911 1293 Sortes.
933 1227 1108 1313 Responsa.

799 1329 983 1415 Sortilegus.

798 1433 884 1498 Sors.

795 1534 977 1600 Oraoulum.
1001 1534 1132 1600 Scitum.

798 1637 982 1724 Respondet
1003 1637 1090 1704 deus.

796 1739 951 1806 Cultores.

802 1843 934 1908 Sacrati.

798 1946 936 2010 Numine
958 1955 1080 2032 eaptus.

798 2048 1007 2135 Lymphatus.
1054 2048 1191 2112 Numine

1000 2158 1121 2236 eaptus.

226 2253 388 2317 ἐνθουσιῶ.

225 2355 351 2433 θειάζω.
656 2380 709 2432 εις.

224 2458 339 2539 ἡθεία
362 2455 475 2542 δωρεὰ.
665 2463 712 2535 ᾶς.
798 2457 1026 2542 Indulgentiae.

227 2562 390 2646 βασκαίνω.
661 2585 714 2638 εις.
799 2559 1206 2626 Fasoino.Invideo.Liveo.

226 2661 469 2747 ὁᾶβάσκανυος.
666 2688 712 2728 ου.
796 2663 1036 2729 infascinabilis.

143 2765 244 2830 Multa
271 2767 305 2829 in
332 2765 393 2830 hoo
420 2767 523 2852 capite
552 2776 736 2832 enumerata
763 2775 849 2847 sunt,
883 2789 964 2853 quae
989 2767 1022 2828 in
1048 2765 1148 2835 Mont,
1176 2773 1208 2828 et

85 2867 172 2955 toph.
188 2869 220 2930 in
234 2869 297 2933 fine
316 2869 429 2955 eapitis
445 2871 516 2958 περὶ
530 2875 612 2934 ναῶν
628 2869 740 2958 [ἱερῶν]
763 2877 898 2938 exstant.
936 2867 1091 2949 Quartum
1111 2876 1207 2953 caput

83 2974 132 3059 ερὶ
153 2975 235 3035 ναῶν
257 2972 348 3060 ἱερῶν
376 2981 502 3037 nostrae
523 2975 698 3038 recensioni
726 2995 797 3037 oum
819 2971 930 3036 ceteris
953 2993 1118 3035 commune
1147 2979 1204 3035 est.

81 3082 174 3137 nsunt
194 3072 284 3138 haee:
541 3123 542 3127 ,

85 3177 107 3242 f.
123 3179 188 3241 49r.
222 3180 276 3239 llll
298 3179 372 3261 Περὶ
392 3182 475 3242 ναῶν
496 3179 595 3265 ἱερῶν.

223 3278 260 3343 Ὃ
281 3279 357 3355 ναὸς
378 3279 472 3365 ἱερὸς.
667 3286 713 3347 οῦ.

228 3380 263 3446 τό
286 3382 475 3469 ναισκάριον,
666 3408 712 3449 ου.

228 3485 264 3548 τὸ
296 3486 414 3572 ἵδρυμα
443 3489 496 3551 καὶ
524 3491 601 3551 καθ-

272 3589 396 3675 ίδρυμα.
651 3609 714 3665 τος.

227 3691 334 3776 ἱδρύω.
642 3692 714 3765 ύεις.

229 3791 264 3857 τὸ
287 3793 380 3878 ἱερὸν.
667 3798 714 3858 οῦ.

227 3894 263 3961 τὸ
286 3897 433 3984 πρόνααν.
667 3919 714 3961 ον.

662 2277 709 2340 'ig‘
793 2304 967 2391 Lymphor.
983 2303 1121 2369 Insanio.

797 3179 850 3243 De
871 3175 1003 3243 aedibus
1026 3175 1132 3240 sacris.

798 3279 904 3345 Aedes
927 3300 1024 3342 sacra.

796 3381 959 3448 Aedioula.
983 3379 1150 3448 Sacellum.

798 3587 986 3653 Delubrum.

798 3691 894 3756 Loco.
918 3688 1056 3755 Collooo.

798 3793 987 3880 Phanuml).
1012 3792 1154 3858 Sacrum.

798 3895 1045 3985 Antetemplum.

135 4114 164 4182 1)
184 4131 234 4166 nos
254 4113 386 4182 „lanum“.
