2618 4614
625 171 775 268 Q-

125 373 241 456 nescio,
270 372 332 436 nisi
353 371 503 438 Acesiam
531 374 692 440 medicum
712 373 801 439 illum
821 374 919 439 fuisse
941 373 1121 456 conieceris,
1151 371 1191 436 de
1214 393 1274 457 quo
1301 395 1303 429 ι

125 474 331 560 proverbium
347 476 495 555 Ἀκεσίας
516 479 628 544 ἰάσατο
644 477 874 564 Aristophanes
888 477 1062 562 Byzantius
1086 475 1118 540 ἐν
1137 474 1274 562 τετάρτῳ
1304 496 1308 528 z

125 574 267 665 ἀμέτρων
277 581 303 665 ¹)
324 591 527 666 apposuerat,
549 580 715 646 Acestium
728 590 835 646 autem
850 603 922 645 cum
936 578 1118 666 Kaibelio²)
1134 587 1171 641 ut
1185 577 1276 642 ditto-
1300 601 1308 623 ’-

125 679 291 766 graphiam
320 681 483 748 deleveris,
539 684 619 749 Simi
648 685 754 764 τέχνην
779 684 891 748 Alexis
916 684 950 746 in
975 681 1056 746 Lino
1079 679 1208 770 [Athen.
1229 679 1276 744 IV

127 785 187 848 164
203 806 220 846 c
235 783 266 873 d]
294 795 535 870 commemorat3
565 811 637 852 eum
665 787 789 852 Simum
810 809 879 850 esse
901 785 1093 870 Magnetem,
1122 783 1164 847 ad
1187 783 1276 846 cuius

124 909 240 951 nomen
254 887 389 953 hilarodi
405 888 526 953 Simodi
542 892 605 955 sint
618 892 773 955 nominati
789 886 1069 973 Schweighaeuser
1090 887 1276 968 coniecerat,

125 990 255 1074 negavit
286 990 480 1078 Meinekessl.
536 993 698 1059 Critonem
732 992 818 1082 [XII.
842 990 943 1079 5160]
976 989 1136 1054 medicum
1168 988 1277 1070 fuisse,

125 1093 213 1155 cuius
230 1090 369 1158 Galenus
378 1096 405 1178 ⁴)
427 1096 570 1160 meminit
591 1106 627 1160 ut
647 1094 884 1182 pharmacologi
906 1093 957 1159 vel
971 1095 1059 1157 cuius
1074 1089 1230 1156 Martialis
1240 1092 1277 1175 ⁵),

124 1216 207 1279 vaga
229 1203 312 1259 esset
333 1199 521 1263 coniectura.
559 1198 665 1264 Semel
687 1199 773 1284 apud
790 1196 990 1262 Athenaeum
1011 1219 1069 1282 per
1091 1216 1203 1258 cocum
1225 1192 1278 1257 ali-

125 1298 253 1384 quem⁰)
276 1298 412 1363 Paxami
433 1302 551 1365 mentio
573 1302 618 1383 fit,
642 1324 736 1387 quem
750 1299 867 1365 Pollux
887 1301 969 1364 inter
990 1297 1189 1382 ὀψοποιιιιῶν
1212 1315 1278 1377 συν-

123 1400 311 1487 γραμμάτων
339 1412 483 1469 auctores
510 1413 671 1489 numerat,
706 1403 821 1468 Suidas
844 1412 949 1467 autem
972 1398 1172 1487 όψαρτυτιιιό
1197 1402 1278 1464 κατὰ

125 1512 280 1580 στοιχεῖον
306 1504 483 1571 condidisse
509 1510 604 1591 σῖτ’),
637 1508 726 1571 cuius
758 1514 865 1572 autem
895 1506 990 1572 fuerit
1017 1505 1130 1570 aetatis
1159 1503 1276 1568 certius

123 1627 188 1669 non
209 1614 315 1691 potest
344 1607 482 1672 definiri:
512 1611 628 1675 sufficit
655 1613 735 1675 scire
764 1633 837 1674 eum
864 1620 948 1674 certe
970 1615 1043 1673 ante
1065 1605 1276 1671 Columellam

123 1708 230 1773 fuisse.
262 1749 304 1759 —-
336 1709 409 1775 Non
441 1712 551 1778 mehor
579 1723 627 1778 est
655 1714 797 1778 condicio
827 1712 1001 1798 Chrysippi
1032 1710 1212 1794 Tyanensis
1245 1716 1276 1772 et

123 1812 384 1897 Harpocrationis
411 1814 578 1883 Mendesii.
635 1817 778 1902 Uterque
809 1818 937 1898 citatur,
970 1812 1026 1878 ubi
1053 1812 1093 1877 de
1119 1812 1276 1899 placentis

124 1938 226 1980 sermo
259 1915 352 2004 [XIV
366 1919 626 2009 6470-6480];
661 1918 744 1982 illius
776 1918 856 1982 liber
892 1914 1100 2005 ἀρτοιοτιιιός
1132 1914 1185 1980 vel
1213 1913 1274 2002 [III

125 2019 226 2108 113a]
256 2018 469 2108 ἀρτοποιιιιός,
498 2024 583 2088 unde
611 2030 713 2086 totum
735 2044 760 2086 c.
777 2021 817 2086 79
839 2020 1063 2105 transcriptum
1085 2025 1149 2101 est,
1180 2016 1274 2081 huius

122 2125 196 2212 περὶ
210 2124 410 2188 πλακούντων
430 2124 498 2190 fuit.
536 2123 737 2211 Chrysippus
758 2146 823 2188 non
845 2123 946 2188 solum
961 2144 1061 2208 aeque
1075 2121 1237 2185 Romanas
1247 2124 1274 2203 ⁸)

122 2250 160 2291 ac
182 2225 320 2292 Graecas
349 2228 546 2293 enumeravit
573 2228 745 2313 placentas,
774 2227 831 2293 sed
858 2228 953 2292 etiam
974 2227 1088 2291 Latino
1111 2246 1200 2289 more
1221 2224 1275 2288 ad-

198 2523 223 2585 1)
244 2521 277 2573 cf.
296 2522 395 2573 Zenob.
415 2522 438 2587 I,
459 2523 502 2575 52.
539 2523 627 2574 Locos
653 2524 798 2588 congessit,
824 2522 992 2588 proverbium
1017 2522 1162 2586 explicavit
1180 2521 1275 2571 Nauck

122 2615 203 2666 An'st.
222 2616 285 2679 Byz.
305 2613 398 2678 fragm.
419 2612 481 2665 238.

197 2705 226 2770 2)
244 2707 274 2755 in
293 2721 379 2771 progr.
399 2706 538 2760 Rostoch.:
558 2707 667 2757 Observ.
688 2707 794 2757 criticae
812 2708 841 2755 in
860 2706 956 2756 Athen.
976 2722 1003 2770 p.
1024 2706 1048 2757 6.
1077 2706 1134 2754 Iam
1151 2704 1276 2754 Meineke

124 2799 242 2850 offendit.
607 2782 610 2786 ’

197 2892 226 2957 a)
247 2892 279 2941 ef.
300 2891 386 2942 sear.
405 2891 477 2953 xm,
498 2889 559 2940 sss.

199 2983 228 3048 4)
248 2983 325 3047 xm,
345 2981 409 3031 463.

199 3072 407 3140 amma

199 3165 227 3232 6)
247 3167 295 3230 IX,
316 3165 406 3215 eisd:
426 3165 459 3214 de
477 3165 560 3215 isiciis
580 3180 675 3216 sermo.
765 3183 768 3188 ·

200 3255 228 3320 7)
249 3258 321 3309 Suid.
342 3250 482 3324 Πάξαμος,
507 3250 605 3321 λόγιος.
631 3250 814 3327 Ὀψαρτυτικὰ
838 3251 904 3308 κατὰ
924 3260 1061 3324 στοιχεῖον.
1101 3249 1231 3307 Βοιωτικὰ
1251 3252 1273 3306 ἐι

126 3348 236 3422 βιβλίοις
250 3344 282 3418 β’.
304 3342 503 3417 Δωδεκοίιεχνον
517 3360 523 3371 ·
537 3344 592 3399 ἔστι
605 3345 635 3398 δὲ
647 3348 708 3419 περὶ
722 3347 836 3417 αἰσχρῶν
849 3344 995 3418 σχημάτων.
1022 3342 1126 3417 Rupta&
1141 3344 1229 3416 βιβλία
1244 3341 1277 3416 β’.

126 3437 255 3515 Γεωργικὰ
269 3436 302 3512 β’.
316 3443 404 3508 ,Inter
413 3443 553 3506 magistros
563 3442 601 3490 rei
612 3441 754 3491 culinariae
763 3443 864 3492 rettulit
874 3443 953 3492 etiam
964 3441 1112 3493 Columella
1121 3441 1183 3506 XII,
1195 3440 1221 3505 4,
1233 3441 1277 3491 5⁶⁶.

125 3537 158 3591 cf.
178 3536 315 3586 Needham
334 3535 400 3600 prol.
422 3536 450 3585 in
469 3535 555 3600 Geop.
574 3535 649 3586 LXV
662 3551 700 3600 sq.
719 3563 755 3569 -—
777 3535 953 3584 Posteriorem
972 3539 1086 3584 aetatem
1105 3535 1177 3600 sapit
1194 3551 1217 3584 κ.
1238 3546 1277 3585 στ.

125 3627 199 3679 illud.
238 3625 271 3676 cf.
292 3624 421 3694 Παξαμᾰς
438 3627 482 3676 vel
503 3620 674 3694 Παξαμόιδιον
693 3626 764 3692 apud
784 3626 856 3676 Suid.
905 3625 965 3677 Gal.
983 3627 1056 3686 XIV,
1076 3626 1130 3675 534
1157 3632 1184 3677 et
1203 3627 1277 3678 Suid.

127 3737 147 3772 s.
168 3736 192 3771 τ.
220 3715 331 3788 δίπορος
356 3709 443 3788 όίρτος.
492 3719 647 3783 Hieronym.
674 3718 733 3770 adv.
760 3718 929 3768 Iovinianum
951 3719 972 3782 I,
993 3718 1037 3768 40.
1062 3724 1082 3770 t.
1099 3720 1136 3782 Π,
1161 3737 1188 3785 p.
1210 3719 1279 3769 304²

126 3812 195 3863 Vall.
217 3811 268 3876 „ad
286 3812 343 3860 iura
361 3811 450 3876 Apicii
469 3816 495 3861 et
512 3811 624 3861 Paxami
648 3839 684 3844 —
708 3826 737 3860 se
760 3807 904 3860 conterar.
949 3811 1081 3861 Dufresne
1100 3811 1187 3862 Gloss.
1208 3811 1278 3862 med.

127 3910 154 3955 et
170 3905 218 3955 inf.
239 3903 332 3953 Graec.
351 3904 374 3967 I,
396 3903 474 3953 1095.
495 3931 528 3939 -
548 3904 672 3954 Fortasse
690 3903 762 3953 idem
781 3902 902 3967 Geopon.
922 3903 983 3965 XII,
1005 3903 1039 3952 32
1058 3902 1093 3954 al.

200 3994 229 4061 8)
249 3992 411 4065 Τερεντῖνον,
430 3988 610 4065 Κρασσιανόν,
623 3987 777 4062 Τουτιανόν,
795 3987 967 4063 Σαβελλικόν,
988 3988 1140 4062 Ἰουλιανόν,
1160 3991 1279 4046 Ἀπικια-

127 4080 182 4157 νόν,
202 4080 358 4156 Μοιτιανόν,
378 4081 528 4138 Πατλιανόν
550 4087 583 4137 al.
