2618 4614
706 196 746 260 76

232 400 340 488 Atque
355 399 439 464 hunc
452 399 657 487 Pamphilum
672 422 741 464 esse
756 397 995 464 Aristarcheum
1016 395 1111 463 facile
1133 395 1292 483 intelleget,

149 505 204 591 qui
226 503 485 568 animadverterit
506 526 579 568 eum
600 513 633 568 et
654 514 690 569 ut
711 503 954 589 grammaticum
975 501 1124 566 denotari
1145 524 1166 566 a
1180 499 1291 567 Galeno

149 615 181 671 et
208 609 348 689 γοητείας
373 607 539 687 Αἰγυπτίας
573 614 605 671 et
634 604 893 694 μεταμορφώσεις
921 614 953 670 et
981 607 1107 685 πλῆθος
1140 602 1288 686 ὀνομάτων

149 711 355 797 προστιθέναι
376 708 452 773 utile
473 709 640 793 iudicasse,
671 708 756 797 quod
777 711 811 773 in
832 707 1051 773 Alexandrino
1073 706 1305 795 lexicographo

148 820 180 876 et
205 811 357 877 Nicandri
387 812 560 898 interprete
593 814 722 878 minime
748 813 873 895 mirum,
906 833 966 876 nec
991 810 1132 897 denique
1161 811 1194 873 in
1223 832 1282 879 eum

146 923 327 1000 temporum
358 915 513 980 rationem
545 914 627 981 male
660 915 831 1003 quadrare3
867 912 989 979 accedit
1021 912 1109 999 quod
1138 934 1200 978 non
1225 913 1277 981 siue

140 1018 334 1081 'auctoritate
370 1025 401 1082 et
427 1016 514 1081 fama
539 1016 666 1083 videtur
692 1020 790 1084 fuisse
817 1041 912 1105 quem
941 1015 1083 1081 Galenus
1115 1015 1167 1081 hic
1195 1017 1275 1102 carpit

147 1120 372 1204 grammaticus
385 1122 420 1205 ¹).
444 1124 655 1206 πραγματείαν
668 1144 745 1187 vero
765 1125 836 1211 usqi
850 1125 999 1206 βοτανῶν,
1020 1142 1210 1208 quamquam
1220 1121 1271 1206 ipss

147 1220 317 1308 aliquando
338 1232 462 1309 partem
478 1225 583 1310 operis
605 1227 676 1314 usqi
690 1230 836 1306 γλωσσῶν
848 1222 996 1308 iudicavi,
1019 1245 1104 1287 nunc
1117 1222 1269 1289 facerenou
1298 1282 1305 1287 .

147 1346 288 1410 possum,
311 1327 387 1412 quin
408 1328 575 1412 proprium
588 1327 686 1392 fuisse
709 1349 789 1414 opus
804 1326 1002 1411 contendam,
1023 1328 1070 1391 ita
1089 1335 1127 1390 ut
1145 1326 1269 1391 iudicium
1301 1404 1305 1409 Ι

149 1426 189 1492 de
221 1450 316 1515 opere
348 1427 400 1492 illo
429 1451 492 1493 non
522 1428 638 1494 debeat
659 1429 802 1516 pendere
830 1429 871 1495 ab
898 1430 966 1495 hoc.
1014 1430 1094 1495 Tres
1121 1429 1193 1494 mihi
1215 1438 1269 1493 suut

148 1552 271 1595 causae.
314 1531 458 1595 Primum
479 1533 563 1596 enim
584 1554 643 1618 per
664 1554 698 1597 se
719 1533 787 1598 veri
812 1540 860 1598 est
880 1532 1034 1598 dissimile
1057 1531 1205 1599 Galerium
1222 1554 1267 1597 ne

148 1632 253 1697 dicum
282 1634 396 1720 operis,
425 1633 510 1721 quod
532 1635 728 1701 vocubularii
755 1636 921 1701 consilium
942 1658 1016 1701 cum
1038 1634 1268 1723 encyclopaediao

148 1734 240 1800 realis
261 1735 397 1802 utilitate
428 1739 642 1824 coniungeret,
671 1747 767 1824 caput
788 1739 918 1826 aliquod
937 1741 1128 1827 impugnare
1148 1737 1266 1804 voluisse

147 1838 274 1904 Deinde
296 1861 377 1926 quae
400 1839 572 1926 opprobrio
592 1842 688 1906 vertit
708 1841 877 1927 Pamphilo
901 1841 1052 1928 Galenus,
1076 1842 1161 1930 quod
1179 1840 1266 1907 herbas

147 1944 331 2028 apposuerit
359 1943 507 2007 omnibus
532 1952 634 2025 notas,
662 1944 748 2031 quod
769 1944 903 2009 aliorum
924 1946 1111 2011 auctoritate
1137 1946 1177 2011 sit
1192 1945 1266 2025 nisu,

147 2045 218 2131 ipse
240 2047 316 2108 artis
338 2045 432 2133 plane
452 2047 551 2129 rudis,
574 2047 659 2133 quod
681 2049 812 2113 mutatis
832 2048 943 2113 formis
957 2051 1181 2136 nominumque
1199 2046 1268 2112 inst

147 2146 224 2211 lium
248 2149 340 2234 copia
361 2147 478 2213 additis
500 2172 534 2215 se
549 2153 790 2236 grammaticum
812 2174 882 2216 esse
896 2152 1100 2217 manifestum
1115 2149 1266 2233 reddiderit

147 2251 224 2336 quid
245 2250 325 2316 haec
346 2251 408 2317 sibi
429 2251 539 2316 volunt
559 2254 593 2317 in
614 2276 695 2340 opus
717 2257 789 2342 usqi
809 2259 954 2336 γλωσσῶν
974 2253 1048 2336 ἤτοι
1072 2255 1179 2335 λέξεων
1197 2252 1267 2335 dion,

220 2455 247 2516 1)
267 2455 318 2516 Qui
343 2460 480 2521 praeterea
507 2456 578 2521 apud
608 2457 737 2507 Galenum
766 2457 918 2507 nominatur
943 2456 1099 2522 Pamphilus
1127 2458 1159 2509 de
1181 2454 1266 2521 simplic

146 2546 216 2598 med.
241 2568 276 2589 =
300 2547 333 2596 K.
356 2548 403 2612 XI,
425 2548 477 2597 839
504 2563 525 2599 s.
548 2566 574 2598 v.
607 2546 643 2614 [l]
668 2547 729 2620 περὶ
753 2542 1035 2620 ἐκδορίων.ἐκδο’ριον
1058 2539 1267 2619 λειχήνοω.ταώη

147 2631 287 2707 Πάμφιλος
312 2633 481 2710 χρησάμενος
506 2636 546 2690 ἐπὶ
560 2633 670 2708 Ῥώμης
695 2638 817 2692 πλεῖστον
842 2638 984 2712 ἐπορίσατο
1010 2633 1198 2712 ἐπικρατούσης
1212 2632 1266 2705 ivri

147 2723 224 2781 πόλει
242 2729 289 2799 τῆς
309 2725 453 2802 μεντάγρας
471 2729 611 2801 λεγομένης
636 2738 663 2782 et
681 2732 734 2780 842
756 2731 792 2798 [λ]
814 2726 933 2804 Χλωρόν,
959 2716 980 2803 ᾧ
1006 2726 1138 2802 ἐχρήσατο
1156 2724 1268 2799 Πάμφιλος

148 2819 191 2872 ἐπὶ
216 2820 265 2890 τῆς
292 2816 436 2895 μενταῖγρας
460 2818 601 2892 λεγομένης
626 2817 691 2892 μετὰ
716 2818 763 2892 τήν
789 2821 862 2893 ῥῆξιν
885 2822 934 2893 τῆς
957 2822 1114 2894 φλυκταίνης
1138 2828 1165 2874 et
1186 2823 1269 2889 seqrt

146 2915 222 2978 XIII,
243 2914 276 2962 68
302 2912 339 2981 [3]
361 2908 545 2985 Ληξοπύρετος
569 2909 585 2984 ἡ
607 2913 746 2985 Παμφίλου
772 2908 973 2984 μιγματοπώλοω
991 2910 1059 2986 καλή
1085 2921 1183 2984 etseq.
1203 2920 1267 2966 utrm
1303 2894 1305 2905 Ι

146 3009 169 3056 is
189 3008 231 3066 sit,
251 3024 326 3073 quem
346 3013 402 3058 tam
421 3009 515 3059 acerbe
534 3009 713 3074 vituperatum
732 3023 749 3057 a
767 3008 870 3059 Gelono
889 3008 1011 3072 vidimus,
1036 3024 1072 3060 an
1091 3010 1166 3075 aliua,
1183 3009 1266 3060 multon
1302 3046 1305 3059 .

148 3100 361 3165 disceptaverunt
372 3101 422 3150 viri
442 3101 521 3150 docti.
550 3101 636 3166 Atque
657 3101 701 3166 qui
718 3102 796 3153 tertio
814 3101 874 3151 Ioco
892 3100 999 3151 affertur
1017 3094 1156 3171 Πάμφιλος
1173 3108 1266 3170 primii
1303 3102 1305 3157 Ξ

145 3185 235 3260 πώλης
248 3193 350 3243 videtur
369 3192 461 3257 procul
473 3191 611 3243 habendus
631 3210 647 3243 a
665 3198 764 3245 nostro.
792 3193 868 3244 Idem
880 3193 992 3244 fortasse
1012 3199 1054 3245 est
1070 3196 1155 3261 primo
1172 3192 1266 3245 etaltera

146 3285 305 3334 nominatus.
352 3285 430 3346 Quod
453 3286 559 3350 quidem
583 3285 666 3336 Meier
692 3285 797 3352 [Gesch.
821 3283 868 3336 der
889 3287 949 3336 Bot.
968 3286 1004 3349 H,
1026 3285 1087 3354 140]
1112 3286 1201 3349 attulit,
1223 3294 1265 3333 cun

146 3381 284 3440 mentagra
303 3374 457 3442 [secundum
476 3377 544 3427 Plin.
564 3393 591 3429 n.
611 3377 636 3428 h.
656 3378 752 3442 XXVI,
773 3379 788 3426 3
809 3383 835 3428 et
849 3376 875 3444 6]
894 3379 996 3429 Romae
1014 3379 1065 3429 sub
1083 3379 1185 3430 'liberio
1203 3372 1264 3427 τεαὶ·

146 3469 219 3531 verit,
248 3468 401 3533 Pamphilus
429 3484 492 3519 vero
520 3468 581 3540 περὶ
606 3469 722 3537 βοτανῶν
750 3477 842 3521 auctor
874 3486 933 3520 oum
961 3470 1111 3536 Archigene
1139 3469 1274 3521 coniunctus·

146 3558 189 3625 [ef.
210 3558 303 3610 Galen.
323 3560 369 3623 XI,
391 3558 452 3625 796]
472 3562 542 3611 circe
561 3561 641 3612 finem
661 3579 730 3614 saec.
749 3565 763 3613 I
782 3562 858 3632 pc.
878 3579 904 3611 n.
924 3562 1022 3613 vixisse
1044 3558 1200 3628 „videatur“,
1220 3556 1262 3608 ile⁰

145 3667 200 3701 non
220 3651 332 3701 eundern
352 3667 410 3701 esse
429 3668 516 3717 posse,
543 3647 627 3719 quiuis
645 3655 726 3719 videt,
754 3671 832 3720 qnam
851 3654 917 3704 nihil
935 3655 999 3705 insit
1016 3649 1196 3722 aashaudprqe
1225 3644 1261 3700 Sel

145 3745 169 3794 si
192 3744 236 3793 hic
255 3760 345 3793 verum
367 3744 435 3794 vidit
458 3746 548 3810 Meier,
573 3763 627 3797 non
654 3746 769 3797 debebat
791 3748 927 3812 proprium
951 3747 1001 3797 sibi
1025 3746 1125 3812 fingere
1151 3741 1261 3796 botunisstt

145 3837 209 3886 artis
235 3836 348 3900 peritum
366 3835 532 3902 Pamphilum
556 3838 687 3889 diversum
710 3839 784 3889 illum
807 3841 840 3891 ab
859 3839 1054 3903 Alexandriam
1082 3854 1144 3891 uam
1160 3839 1182 3889 si
1196 3830 1260 3898 uegit

145 3929 238 3992 gimus,
266 3943 334 3993 quae
358 3927 477 3993 suadent,
501 3935 530 3980 ut
550 3931 582 3980 de
608 3931 701 3981 eodem
725 3932 831 3982 nomine
856 3932 954 3982 tradita
976 3934 1047 3983 iuter
1064 3948 1093 3983 se
1112 3928 1259 3983 conatum.

145 4021 190 4086 qui
207 4036 346 4086 possumus
367 4035 400 4069 ex
417 4020 489 4071 hisce
509 4023 611 4073 miseris
630 4023 747 4089 reliquiis
766 4025 911 4074 litterarum
929 4024 1066 4076 historiam
1089 4012 1259 4075 construiturei

147 4113 199 4164 Sed
216 4113 283 4169 haec
303 4130 357 4171 non
377 4113 498 4178 suadent,
518 4115 566 4169 sed
585 4115 702 4168 clamant
720 4117 819 4166 omnia.

1300 2608 1305 2663 l
