2618 4614
656 192 806 288 j—

239 389 291 453 En
322 400 448 477 praeter
477 393 651 458 novissima
682 392 849 459 duodecim
882 395 1001 480 capita,
1043 417 1133 481 quae
1167 395 1277 460 viden·

155 495 299 579 periisse,
328 516 427 579 purae
456 503 553 582 putae
574 496 765 561 recensionis
787 495 872 562 Mon.
897 495 1035 582 capitula
1058 498 1190 562 omnia!
1229 496 1284 563 Non

156 596 242 683 quod
263 596 372 661 titulus
394 598 499 662 θεάων
521 597 661 678 ὀνόματα
682 599 715 661 in
736 597 767 661 N
781 598 814 661 Π
836 598 934 684 deest,
958 597 1017 664 sub
1040 621 1070 665 c.
1092 603 1170 688 περὶ
1190 623 1286 687 msc,

157 698 249 787 ἀνθρ.
265 708 371 766 autem
392 701 426 764 in
443 700 474 763 N
487 700 521 764 Π
542 700 727 766 adnotatum
748 699 828 786 legis
851 724 881 767 π.
898 719 988 785 σανα,
1012 701 1076 766 hoc
1098 701 1193 767 nihili
1223 730 1267 759 ενι

156 824 228 867 cum
249 826 289 868 ne
310 805 344 867 in
357 802 388 867 N
401 803 435 867 Π
457 803 585 890 quidem
607 825 699 867 suum
713 802 852 869 habeant
872 814 968 891 caput
982 803 1186 885 ὀνόματασ
1238 837 1239 847 ¹
1260 836 1268 852 ·‘

241 905 426 992 Scripturas
454 905 684 991 discrepantias
715 917 841 992 praeter
868 931 934 991 eas,
969 930 1049 994 quas
1080 909 1168 975 inter
1190 908 1267 974 mon

155 1031 247 1096 capp.
270 1007 301 1071 N
322 1009 355 1073 Π
376 1017 408 1074 et
428 1008 514 1073 Mon.
542 1008 735 1074 intercedere
766 1031 863 1096 supra
889 1010 1050 1095 adnotavi,
1081 1010 1141 1078 has
1171 1008 1275 1077 aninsd

154 1113 251 1176 verti:
273 1110 359 1176 Mon.
375 1113 447 1200 περὶ
467 1116 528 1176 τῶν
551 1111 671 1176 δώδεκα
693 1115 820 1198 ζῳδίων.
853 1112 937 1180 NII.
962 1136 993 1181 π.
1018 1112 1093 1180 δώδ.
1110 1122 1136 1194 ζ.
1159 1155 1201 1164 -
1217 1112 1272 1179 liu

155 1213 216 1279 ὅσα
239 1216 270 1279 ἓν
290 1220 334 1302 τῷ
359 1213 574 1301 ἀμφιθεάτρῳ.
601 1214 684 1279 NH.
708 1213 737 1279 ὅ.
760 1215 791 1279 ἐν
813 1213 891 1301 ἀμφ.
916 1256 952 1265 -
975 1215 1063 1282 Mon.
1088 1219 1164 1306 περὶ
1182 1218 1272 1301 τρόπον

154 1315 368 1403 ἀνθρωπίνων.
406 1316 437 1381 Ν
447 1317 489 1382 Π.
517 1338 549 1382 π.
578 1315 672 1405 ἀνθρ.
702 1339 750 1404 τρ.
776 1357 819 1366 -
847 1317 933 1382 Mon.
963 1321 1035 1404 περὶ
1057 1317 1177 1390 ἀνθῶν.
1208 1314 1269 1383 Nll

154 1443 187 1486 a.
216 1418 346 1488 ἀνθέων.
376 1459 416 1469 -
445 1420 531 1486 Mon.
562 1423 635 1508 περὶ
664 1419 791 1485 πόλεων.
830 1419 914 1487 ΝΙΙ.
942 1441 974 1485 α.
1003 1419 1134 1500 πόλεως.
1156 1462 1198 1472 -
1213 1420 1267 1487 llos

154 1524 226 1611 περὶ
252 1520 441 1611 γραμμάτων
471 1524 686 1600 διδασκαλίας.
734 1522 765 1584 N
786 1523 828 1587 Π.
859 1525 931 1608 περὶ
956 1524 1168 1614 γραμματο[ς]
1193 1527 1267 1589 debut

153 1623 258 1691 κάλον.
282 1665 324 1674 -
344 1624 430 1690 Mon.
453 1628 526 1713 περὶ
540 1625 685 1713 χρυσέων.
718 1623 802 1688 NII.
826 1647 858 1692 α.
880 1632 1010 1714 χρυσῶν.
1026 1666 1069 1677 -
1083 1627 1185 1694 Vides
1204 1650 1230 1714 ῳ
1246 1654 1266 1670 ¹·
1291 1692 1297 1706 ,

152 1726 283 1814 pusilla3
317 1728 433 1813 quibus
459 1750 523 1792 non
551 1725 766 1813 prohibemur,
800 1728 877 1814 quin
910 1727 1044 1793 alterum
1077 1731 1143 1796 iam
1172 1732 1244 1794 in
1293 1775 1296 1785 ι

152 1829 238 1894 Mon.
260 1829 424 1916 exemplar
445 1830 504 1895 etsi
525 1829 706 1895 mutilatum
726 1852 785 1894 nos
799 1839 911 1895 nactos
933 1854 1003 1897 osse
1026 1854 1214 1898 censeamus.
1242 1852 1260 1888 ¹.

152 1933 255 1998 dicem
276 1953 352 1997 vero
375 1933 524 2018 capitum,
546 1933 602 2019 qui
616 1933 778 2020 praefixus
794 1941 851 2017 est,
873 1956 932 1999 nec
950 1955 1023 1998 eum
1038 1934 1069 1998 N
1086 1935 1123 2000 Π
1141 1957 1197 2001 nec
1215 1959 1240 1991 οι

151 2057 282 2122 prorsus
304 2036 552 2100 consentientem
578 2044 685 2099 utrum
707 2058 748 2099 ex
776 2035 838 2100 alia
858 2035 1022 2122 paululum
1049 2037 1176 2103 diversa
1200 2064 1256 2098 nu
1295 2074 1299 2085 =

152 2140 240 2204 sione
261 2139 394 2202 fluxisse
416 2137 568 2222 dicamus,
596 2161 637 2203 an
659 2160 764 2203 errore
793 2139 827 2201 in
849 2160 885 2203 eo
907 2147 956 2203 tot
977 2140 1085 2226 capita
1105 2136 1231 2206 interni
1293 2126 1299 2183 ,⁵

151 2251 310 2328 putemus,
338 2262 402 2305 non
424 2239 671 2306 diiudicaverim.
722 2239 857 2305 Inclinat
879 2263 915 2306 eo
937 2243 1073 2327 animus,
1101 2251 1138 2308 ut
1158 2262 1246 2327 susp

150 2344 243 2411 nobis
272 2367 344 2408 cum
371 2343 505 2408 diversis
533 2341 769 2409 recensionibus
796 2366 864 2408 rem
892 2367 975 2410 esse:
1007 2345 1192 2432 praesertim
1220 2369 1240 2397 ν’

152 2456 248 2534 caput
274 2448 345 2534 περὶ
371 2452 432 2511 τῶν
462 2453 624 2527 πλανητῶν
652 2444 791 2530 ἀστέρων
823 2447 856 2509 in
876 2447 961 2512 Mon.
990 2449 1173 2536 ceteroquin
1193 2466 1234 2510 nn

150 2551 297 2616 uberiore
317 2572 382 2614 non
401 2550 486 2614 insit.

233 2654 302 2718 Iam
330 2651 373 2717 ad
401 2650 525 2737 singula
552 2652 668 2718 accedo
695 2652 843 2739 capitula.
896 2652 934 2716 In
966 2653 1070 2739 primo
1104 2653 1222 2719 deorum
1252 2673 1254 2677 ’

150 2757 281 2823 dearum
302 2755 431 2819 nomina
452 2755 555 2840 spatio
578 2763 725 2841 separata
747 2765 828 2838 sunt,
859 2756 913 2841 qui
936 2763 1084 2821 constans
1107 2764 1155 2822 est
1172 2746 1245 2820 mos'
1290 2792 1299 2835 χ

150 2857 447 2945 interpretamentis.
490 2856 633 2921 Primum
654 2857 799 2922 videmus
821 2857 983 2943 generales
1005 2858 1139 2923 deorum
1159 2878 1230 2945 ap·¹

150 2964 268 3044 tiones,
297 2959 412 3025 deinde
434 2958 550 3043 singuli
572 2960 617 3024 dii
638 2970 795 3026 secuntur.
848 2960 943 3042 Quod
964 2984 1040 3026 vero
1063 2959 1244 3028 duodecim
1297 2966 1299 3031 ἶ

150 3063 291 3150 deaeque
314 3060 505 3148 principales
533 3062 644 3127 ceteris
665 3063 868 3148 praecedunt,
900 3062 975 3127 huic
998 3087 1071 3128 cum
1092 3064 1189 3130 Mont
1211 3079 1249 3114 ν’

149 3189 245 3232 mune
267 3175 324 3232 est.
368 3164 518 3230 Ceterum
545 3163 597 3228 hic
618 3188 729 3230 revera
751 3166 917 3232 duodecim
944 3175 1077 3230 sunt-
1104 3186 1220 3255 quamq
1297 3250 1299 3255 .

149 3268 334 3334 insolentius
356 3268 449 3332 mixti
469 3306 519 3351 -,
542 3267 575 3330 in
593 3267 691 3332 Mont.
714 3269 821 3353 potius
844 3268 990 3351 sedecim,
1013 3291 1055 3332 ex
1077 3268 1242 3356 quibusq

149 3380 222 3436 tuor
244 3371 379 3460 [βέτυλος
395 3369 475 3457 (scil.
493 3372 650 3456 patrolog)
666 3368 810 3435 aviaddir
825 3369 985 3458 (abaddir)
1001 3371 1143 3458 ἡρακλῆς
1154 3372 1193 3437 hs
1209 3396 1225 3424 ν
1242 3407 1243 3413 1

151 3474 356 3562 καρποφόρος
382 3473 515 3559 frugifer
536 3472 702 3561 κουρήταις
725 3475 902 3560 (κουρῆτες)
924 3472 1083 3560 ludiones]
1106 3475 1170 3540 iam
1197 3478 1236 3543 ἵε

150 3600 227 3641 num
237 3581 263 3665 1)
285 3600 343 3663 pro
366 3577 481 3662 spuriis
503 3575 651 3640 habuisse
672 3574 781 3660 vide03
807 3585 885 3662 puto
907 3599 961 3642 eos
983 3599 1024 3641 ex
1045 3575 1109 3641 alia
1133 3576 1216 3641 huius
1234 3600 1238 3619 ν

151 3680 227 3766 pitis
248 3687 340 3766 parte
354 3677 433 3744 falso
447 3677 510 3742 huc
524 3677 646 3743 delatos
660 3700 739 3743 esse.
775 3679 947 3764 Hagenum
964 3686 1105 3743 ceterum
1119 3674 1238 3744 recto'
1297 3687 1299 3731 ῑ

152 3804 250 3865 casse,
273 3803 344 3845 cum
366 3804 424 3868 pro
446 3780 545 3847 altero
568 3789 629 3860 ζεις
649 3781 682 3844 in
697 3780 796 3846 Mont.
819 3789 964 3868 posceret
986 3780 1056 3864 Ζήν,
1076 3789 1182 3847 noster
1204 3805 1237 3833 ιν

229 4016 256 4086 1)
275 4019 307 4070 cf.
327 4019 361 4072 H.
381 4019 490 4084 Hagen:
516 4018 549 4069 de
566 4017 687 4070 Dosithei
705 4017 823 4083 magistri
842 4031 910 4084 quae
931 4014 1050 4067 feruntur
1067 4016 1168 4082 glossis.
1298 3994 1299 4003 ἵ

151 4113 230 4163 Bern.
252 4110 329 4163 1877.
