2618 4614
669 212 819 323 ,11-

165 432 272 492 tamen
300 425 383 490 hanc
408 427 564 490 rationem
585 423 746 510 Pamphili
767 447 808 488 ex
832 423 996 489 Athenaeo
1022 423 1212 490 restituendi
1237 447 1301 489 num

165 531 295 594 missam
317 528 409 613 facio,
431 528 525 593 aliam
546 528 684 591 initurus
703 528 807 614 ipsam
830 549 957 614 quoque
978 549 1022 590 ex
1042 535 1135 614 parte
1156 551 1177 592 a
1196 527 1301 593 Ranlrir

166 641 198 697 et
218 633 262 697 M.
286 631 462 696 Schmidtio
485 631 704 715 significatam.

248 735 443 821 Fragmenta
463 731 659 819 Pamphiles,
688 755 770 820 quae
795 732 943 818 apposito
968 733 1108 796 auctoris
1128 735 1251 798 nomine
1269 733 1301 804 ah

165 836 330 902 Athenaeo
352 837 564 924 proferimur,
587 838 614 899 si
627 836 812 901 tractaveris
824 833 858 921 ¹),
880 833 997 898 multos
1010 834 1053 901 ab
1067 836 1139 922 ipso
1152 835 1301 923 Pamphilo

166 939 325 1006 adhibitos
354 938 477 1005 videbis
509 949 654 1004 auctores
680 939 714 1002 in
740 938 852 1023 primis
878 936 1143 1024 glossographos3
1169 961 1296 1008 mmnum

165 1043 325 1131 Apionem
359 1043 440 1107 XIV
462 1044 572 1127 6421,
607 1040 839 1128 Apollodorum
874 1039 1089 1126 Cyrenensem
1126 1041 1175 1106 XI
1201 1042 1289 1128 4871,

165 1145 412 1232 Aristophanem
434 1146 627 1231 Byzantium
648 1144 698 1208 III
713 1144 753 1208 77
769 1168 803 1227 a,
830 1142 1080 1233 [Artemidorum
1101 1144 1289 1211 Pseudaristo

165 1248 325 1335 phanaum
352 1248 402 1311 IX
429 1249 490 1312 387
507 1249 582 1331 (11),
612 1248 661 1312 IV
686 1247 741 1311 171
759 1245 809 1334 11],
840 1245 1047 1334 [Clitarchum
1076 1247 1126 1310 XI
1147 1247 1244 1332 477111,
1265 1247 1301 1313 II.

166 1354 206 1416 69
221 1350 264 1439 o]‚
286 1350 465 1416 Diodorum
480 1349 750 1436 Aristophaneum
771 1350 821 1413 XI
834 1349 897 1414 479
911 1373 940 1431 a,
965 1349 1037 1438 [487
1055 1349 1093 1437 o]‚
1116 1349 1196 1414 XIV
1208 1350 1287 1439 6421,

164 1453 365 1542 Epaenetum
386 1453 438 1517 IX
455 1454 516 1518 387
532 1453 569 1535 d,
598 1453 829 1519 Heracleonem
852 1451 945 1540 (falso
966 1451 1085 1538 legitur
1105 1451 1287 1538 Heraclitum)

165 1558 215 1621 XI
235 1557 345 1637 4791,
372 1556 540 1622 Iatroclem
562 1557 626 1621 VH
647 1558 758 1640 3161,
786 1555 990 1620 Theodorum
1021 1555 1087 1619 XV
1109 1555 1169 1619 677
1183 1555 1215 1637 b,
1240 1553 1287 1642 [Ti-

164 1660 343 1726 machidam
372 1658 548 1749 1118‘2d],
585 1659 776 1748 [Didymum
804 1658 855 1722 XI
882 1657 945 1723 487
962 1656 1045 1746 cdl,
1080 1657 1301 1743 Hipponacteo

163 1763 197 1827 II
219 1765 259 1827 69
274 1762 304 1845 (1,
328 1762 568 1848 [Epicharmum
589 1762 640 1826 XI
661 1763 725 1827 479
740 1761 781 1851 11].

247 1863 334 1928 Usus
361 1865 458 1948 igitur
485 1874 533 1930 est
559 1864 608 1928 his
635 1862 816 1929 auctoribus
844 1865 878 1927 in
905 1884 1001 1949 opere
1029 1864 1122 1949 suot)
1150 1863 1287 1928 condendo

163 1966 360 2052 Pamphilus,
380 1988 441 2031 nec
454 1968 559 2053 potuit
572 1966 663 2033 aliter
677 1976 798 2032 tantam
813 1965 988 2051 glossarum
1005 1966 1133 2052 copiam
1147 1988 1287 2052 congerere

164 2070 225 2133 nisi
254 2071 309 2155 qui
334 2071 368 2132 in
394 2071 505 2135 eadem
527 2093 625 2156 opera
650 2078 744 2135 antea
769 2068 962 2135 desudarent
990 2069 1137 2135 omnibus
1163 2070 1287 2135 excussis.

165 2171 276 2236 Oritur
297 2173 361 2237 iam
384 2173 532 2259 suspicio,
558 2195 636 2237 num
662 2173 805 2256 fortasse,
828 2174 978 2258 quoniam
999 2181 1178 2259 postremus
1196 2172 1288 2239 lexico·

164 2273 305 2361 graphus
326 2274 412 2360 apud
426 2275 625 2340 Athenaeum
639 2274 825 2362 Pamphilus
847 2283 905 2358 est,
927 2274 997 2339 aliis
1020 2297 1146 2362 quoque
1159 2274 1289 2341 Athenaei

163 2377 241 2441 locis
271 2399 352 2462 quae
379 2377 681 2464 glossographorum
705 2377 830 2442 illorum
852 2378 1040 2443 auctoritate
1060 2380 1200 2444 nituntur
1217 2379 1288 2444 Pam·

240 2570 268 2636 1)
288 2571 356 2620 Mira
370 2574 409 2621 111
427 2571 547 2622 condicio
561 2571 615 2622 loci
632 2571 679 2636 XI,
700 2572 753 2621 495
767 2587 797 2621 a:
816 2563 944 2642 Πρόαρσν
957 2609 963 2621 .
977 2565 1076 2641 spathe
1096 2565 1204 2641 ξύλινος,
1221 2559 1288 2634 atsto

96 2665 98 2668 ’
164 2657 210 2713 τὸν
223 2652 297 2713 οἶνον
309 2659 425 2733 κιρνᾶσιν
438 2655 584 2712 σίἈττικσί
598 2698 604 2710 .
621 2660 745 2729 ,Κοίλσις
758 2661 785 2713 ἐν
797 2655 945 2733 προάροις“
962 2661 1027 2732 φησὶ
1040 2656 1186 2733 Πάμφιλος.
1213 2665 1287 2714 lfirun

164 2755 216 2806 hoc
234 2754 414 2806 testimonium
432 2755 461 2804 in
479 2755 676 2820 lexicographo,
697 2771 748 2821 quo
768 2756 806 2805 nil
827 2756 987 2821 explicatur;
1012 2761 1150 2821 praeterea
1168 2755 1225 2806 mihi
1238 2755 1287 2804 haee

164 2847 311 2898 hexametri
329 2863 390 2913 pars
410 2852 461 2896 est:
480 2846 532 2896 duo
550 2847 632 2910 pedes
652 2853 679 2898 et
696 2847 785 2913 longa.
823 2849 948 2899 Peccavit
967 2848 1069 2913 aliquid
1083 2847 1240 2911 Athenaeum
1255 2846 1288 2896 aut

165 2956 213 3005 pro
231 2944 327 3005 poetae
346 2939 453 2989 nomine
469 2954 486 2988 a
503 2938 642 3004 Pamphilo
662 2940 772 2990 adhibiti
790 2939 871 2990 fontis
888 2941 928 2990 sui
947 2956 1046 2991 nomen
1066 2940 1207 2990 dormitans
1222 2945 1288 2989 trans·

166 3032 278 3098 scripsit,
298 3035 344 3080 aut
363 3031 461 3080 excidit
478 3035 575 3096 poetae
594 3048 693 3082 nomen
711 3037 738 3083 et
755 3033 900 3084 testimonii
918 3048 988 3098 pars.
1027 3033 1106 3084 01111
1126 3033 1158 3084 de
1176 3028 1286 3098 Pamphilo

165 3113 197 3186 ὃς
215 3117 302 3174 πάντα
320 3116 394 3193 παρὰ
412 3117 474 3185 τοὺς
493 3116 592 3184 πότους
615 3119 731 3193 ἔμμετρα
750 3119 820 3190 ἔλεγε
841 3121 884 3190 [cs.
904 3124 1001 3176 Athen.
1021 3124 1044 3191 1,
1064 3125 1123 3175 4d.
1144 3121 1229 3190 Suidl,
1249 3134 1287 3173 non

166 3215 346 3282 cogitandum.

240 3305 270 3374 2)
295 3308 367 3369 Quos
386 3308 462 3357 uncis
481 3307 584 3371 inclusi,
604 3309 629 3358 ei
653 3324 706 3358 non
731 3310 861 3374 expressis
881 3310 987 3375 quidem
1011 3309 1099 3360 verbis
1125 3326 1158 3361 ex
1174 3305 1287 3375 Pamphilo

165 3401 271 3450 fluxisse
292 3399 420 3464 dicuntur,
445 3400 492 3450 sed
511 3405 680 3467 apponuntur
697 3401 737 3450 ita
758 3429 788 3437 —
811 3418 870 3452 cum
883 3401 1013 3468 Pamphili
1033 3403 1141 3453 nomine
1159 3401 1246 3454 vocula
1258 3391 1289 3448 lul

167 3492 303 3543 coniuncti
327 3519 363 3526 -
387 3497 416 3542 ut
441 3493 486 3558 qui
510 3493 608 3557 peritus
628 3499 669 3543 est
686 3493 932 3560 lexicographorum
951 3495 1120 3561 antiquorum
1140 3496 1224 3560 moris,
1246 3503 1290 3545 cum

166 3601 221 3636 non
238 3585 329 3649 fugere
348 3585 440 3651 possit,
459 3584 522 3649 quid
540 3586 579 3635 rei
597 3586 639 3635 sit.

239 3676 267 3740 3)
288 3676 366 3739 Quod
386 3677 482 3727 oblitus
501 3692 559 3727 sum
578 3677 673 3743 adhuc,
691 3678 735 3728 hic
754 3678 853 3729 dictum
873 3682 944 3729 esto:
962 3677 1026 3728 mihi
1044 3694 1100 3730 non
1119 3680 1225 3732 dubium
1241 3688 1295 3735 aaa

167 3771 229 3834 quin
256 3770 327 3835 quod
352 3769 423 3834 apud
443 3768 551 3819 Suidam
574 3769 635 3841 περὶ
658 3768 778 3833 γλωσσῶν
802 3762 862 3840 ἤτοι
886 3767 981 3830 λέξεων
1004 3771 1079 3821 audit
1096 3771 1226 3839 Pamphili
1243 3776 1299 3837 opu⁸

166 3862 237 3912 idem
256 3863 291 3911 sit
309 3877 368 3911 cum
388 3877 428 3925 eo,
449 3862 519 3927 quod
538 3862 609 3928 apud
626 3862 791 3914 Athenaeum
811 3864 890 3914 modo
908 3861 971 3933 περὶ
987 3860 1111 3927 γλωσσῶν
1121 3863 1167 3915 καὶ
1179 3857 1301 3934 tropario

168 3953 247 4020 [XIV,
268 3951 369 4019 6501],
394 3954 473 4003 modo
499 3953 560 4022 περὶ
584 3948 720 4023 ὀνομάτων
744 3953 788 4005 καλ
810 3952 931 4020 γλωσσῶν
955 3951 1011 4021 [1Χ,
1031 3953 1134 4022 387111,
1161 3974 1238 4024 quem
1260 3960 1301 4020 egl

167 4045 300 4112 proprium
319 4045 408 4096 iudico
426 4046 539 4109 titulum,
564 4047 643 4097 modo
662 4046 722 4117 περὶ
739 4040 876 4115 ὀνομάτων
895 4045 955 4113 [ΙΠ,
975 4046 1009 4096 89
1025 4047 1042 4096 (1
1061 4052 1088 4097 11
1106 4048 1216 4116 passim]
1234 4044 1301 4101 morl(

167 4135 280 4202 γλῶσσαι
301 4135 346 4202 [ΙΙ,
367 4139 431 4189 531)
451 4145 477 4189 11
496 4137 605 4204 passim]
624 4139 782 4190 nominatur.
