2618 4614
646 187 792 287 —70—

143 397 176 452 et
196 386 283 452 aliud
304 387 446 453 eiusdem
468 412 560 475 opus,
583 390 669 476 quod
692 389 745 454 alii
768 427 806 436 -
829 386 1028 455 cum²01ouc
1042 387 1262 456 traditumuihili

144 491 185 554 sit
222 530 262 538 —
292 490 433 577 Ὀῳιακά
461 491 603 582 [Kuster]
631 493 685 558 alii
707 491 825 580 Ὀφικά
848 491 1059 582 [Bernhardy]
1087 491 1141 557 alii
1155 491 1264 580 Ὀρφικά
1296 500 1305 539 ²2

145 593 333 683 [Reinesius]
362 594 416 658 alii
432 595 598 681 ’Oqtouau
623 595 835 684 [lambecius]
860 595 959 659 fauisse
980 593 1111 660 malunt.
1152 595 1264 660 Fuerunt

143 695 295 760 Nicandri
312 695 454 784 Ὀφιακά
477 697 554 785 [non
570 697 700 786 Ὀφικά]
714 701 748 785 ¹),
775 721 835 763 nec
863 698 896 762 id
925 718 1007 784 opus
1036 698 1070 760 in
1097 697 1180 783 quod
1197 699 1265 763 inter-
1303 722 1305 726 ’

144 798 335 884 pretandum
354 800 514 887 Pamphili
534 802 730 867 incurrerent
752 801 912 882 ultimum;
938 801 1046 865 nescio
1067 807 1173 864 tamen
1190 822 1223 864 an
1238 799 1265 865 de

145 902 309 988 utrarum)
331 905 470 968 carmine
491 906 581 990 spico
603 905 739 969 duorum
760 913 796 968 ut
823 903 949 968 videtur
975 901 1130 968 librorum
1156 903 1265 988 cogitare

144 1012 295 1090 praestet,
320 1006 440 1092 quippe
462 1005 548 1093 quod
569 1007 610 1071 ad
632 1007 782 1073 traditam
805 1008 994 1094 scripturam
1008 1005 1115 1092 paullo
1129 1007 1266 1093 propino)

145 1106 284 1172 accedat.

228 1208 340 1275 Artem
362 1213 601 1296 grammaticam
624 1212 724 1279 subl.
746 1221 955 1279 memoratam
977 1212 1127 1298 quoniam
1144 1211 1268 1276 hucduxi

144 1313 424 1398 transponendam,
441 1315 548 1396 τέχνην
562 1314 700 1401 κριτικήν
714 1339 778 1381 non
792 1315 897 1398 video,
920 1315 997 1401 quid
1012 1314 1100 1379 aliud
1115 1337 1182 1380 esse
1193 1314 1268 1400 possit

144 1416 208 1479 nisi
234 1416 375 1481 eiusdem
404 1419 510 1502 operis
540 1418 674 1484 alterum
702 1421 865 1505 nomem),
895 1440 959 1504 qua
979 1418 1069 1482 inre
1090 1457 1130 1466 -
1151 1417 1268 1503 parviut

146 1517 272 1581 videtur
293 1521 446 1584 momenti
466 1561 508 1568 —
528 1544 593 1585 non
615 1522 736 1587 diutius
757 1531 897 1586 moratus
912 1530 1039 1586 transeo
1055 1521 1096 1586 ad
1112 1519 1268 1605 glossarium

146 1618 224 1683 illud
245 1622 385 1706 unicum,
406 1623 566 1709 Pamphili
587 1647 668 1711 opus
690 1625 887 1711 primarium.

229 1722 337 1810 Atque
365 1724 425 1789 hoc
453 1748 529 1791 sane
557 1728 682 1792 Rankio
708 1728 828 1793 Meiero
855 1725 1027 1792 Ritscbelio
1061 1725 1131 1790 aliis
1158 1724 1294 1789 dandum·

148 1834 205 1908 est,
229 1827 255 1890 si
278 1850 374 1913 quam
390 1828 508 1894 Suidae
530 1829 637 1895 verbis
658 1832 726 1893 nixi
749 1831 855 1917 operis
869 1828 1048 1916 Pamphilei
1069 1829 1161 1893 nobis
1179 1827 1268 1912 fingere
1291 1898 1294 1905 ¹

150 1927 282 1993 velimus
303 1931 491 2016 imaginem,
518 1933 588 1997 fieri
612 1955 677 1997 non
698 1955 803 2019 posse,
834 1934 910 2019 quin
932 1933 1152 1997 existimemus
1172 1929 1209 1994 ad
1225 1927 1269 1992 lite·

148 2054 255 2096 rarum
270 2031 304 2096 id
319 2033 460 2098 ordinem
475 2034 573 2100 fuisse
593 2035 767 2121 digestum:
789 2036 830 2100 ab
847 2037 867 2098 ά
881 2035 923 2099 ad
939 2036 965 2100 δ’
983 2035 1157 2121 Zopyrio³)
1178 2032 1268 2117 glossa

149 2144 366 2220 congesserat,
396 2136 436 2200 ab
465 2136 479 2201 ἑ
507 2137 549 2202 ad
576 2140 599 2203 oi
621 2138 817 2225 Pamphilus.
859 2139 928 2203 Nee
955 2136 1063 2202 valent
1092 2158 1172 2223 quae
1191 2141 1270 2198 eontra

150 2300 312 2350 voluminum
338 2300 453 2352 ambitus
479 2304 605 2354 continuo
629 2306 657 2354 in
683 2305 826 2369 epitomem
845 2305 862 2353 4
881 2303 923 2354 vel
943 2305 959 2352 b
978 2303 1103 2354 librorum
1122 2301 1204 2368 potuit
1217 2296 1270 2361 cogi?

151 2422 184 2432 ’-
215 2396 265 2456 Qui
291 2395 324 2443 91
353 2394 458 2458 scripsit
484 2395 513 2444 in
537 2395 615 2445 catal.
642 2413 663 2448 s.
689 2413 714 2446 v.
738 2389 885 2464 Οὗησιῖνος
912 2412 976 2446 ιιιιιιι
1002 2399 1126 2461 quattuor
1148 2388 1270 2458 zopyrionis

150 2487 232 2537 libros
252 2484 321 2536 α-δ
342 2486 487 2536 dormitans
507 2486 674 2552 dempserat?
714 2488 749 2538 cl.
768 2488 870 2538 Nuber:
889 2486 1008 2538 Photius.
1028 2487 1105 2553 proll.
1129 2486 1168 2535 19.
1201 2481 1271 2532 Weber

150 2581 179 2629 in
196 2579 263 2628 Phil.
283 2578 369 2643 suppl.
389 2578 439 2640 111,
458 2578 521 2629 480.

71 4184 125 4336 Ι

227 2671 253 2731 l)
273 2671 307 2720 cf.
327 2670 408 2720 schol.
429 2670 486 2720 Nic.
505 2670 571 2722 ther.
593 2670 655 2723 377.
1303 2720 1305 2725 ,

229 2761 257 2827 a)
277 2762 310 2812 cf.
330 2762 426 2812 Athen.
445 2762 506 2825 vu,
526 2763 579 2811 aar
598 2764 616 2814 f.
638 2764 690 2811 aaa
704 2780 728 2813 ι.
748 2765 795 2828 rx,
809 2763 861 2812 411
874 2779 915 2827 a.;
934 2764 967 2814 cf.
988 2762 1137 2813 schneider
1153 2762 1185 2810 aa
1203 2775 1247 2825 sqq.
1303 2744 1305 2761 '

229 2855 256 2920 3)
274 2856 412 2905 Habemus
431 2856 501 2905 enim
522 2872 554 2905 ex
574 2849 683 2906 Οἰταικά
705 2854 754 2921 „u“
775 2857 863 2921 priore
882 2854 970 2906 deleta
990 2848 1081 2905 Οἰτικά
1101 2875 1136 2896 --
1149 2845 1244 2904 Ὀπιιιά.

229 2948 256 3013 4)
276 2948 309 2999 ef.
335 2946 431 2997 Lehrs:
458 2948 528 2998 anal.
554 2964 664 3013 gramm.
684 2948 710 2996 I:
740 2948 773 2998 de
801 2948 937 2998 vocabulis
962 2939 1104 3015 φιλόλογος
1129 2932 1274 3014 γραμματικὸς

155 3033 267 3109 κριτικός
286 3061 322 3082 =
340 3040 489 3089 Herodiani
514 3040 613 3103 scripta
636 3041 687 3089 tria
710 3056 736 3104 p.
756 3041 810 3088 400
834 3040 909 3089 adu:
937 3037 1085 3105 „Pamphili
1110 3033 1182 3111 τέχνη
1204 3021 1274 3105 rqtutd

157 3133 241 3199 qualis
266 3131 333 3181 fuit?
358 3169 392 3182 ..
413 3170 419 3181 .
443 3132 491 3182 sub
510 3125 650 3200 Πάμφιλος
668 3124 812 3200 Ἀμφιπολ,
832 3136 873 3182 est
890 3127 965 3198 τέχνη
985 3123 1176 3198 γραμματική“.
1212 3126 1275 3176 Minu
1303 3168 1305 3175 .

155 3226 268 3275 sonasse
288 3223 402 3273 difficilis
422 3224 526 3274 videtur
544 3225 663 3289 quaestio
683 3223 787 3274 collatis
806 3251 839 3259 -
859 3224 897 3272 ita
915 3223 969 3272 iam
984 3220 1070 3272 Lehrs
1084 3249 1116 3256 -
1132 3219 1208 3271 schol
1219 3216 1276 3268 Dion.

157 3317 251 3367 Thrac.
268 3314 329 3380 673,
343 3317 375 3364 19
386 3315 504 3366 Bekker:
520 3311 702 3385 ἐπιγέγραπται
715 3310 745 3365 τὸ
758 3309 845 3386 παρὸν
858 3309 1013 3386 σύγγραμμα
1025 3308 1093 3365 κατὰ
1106 3309 1153 3382 μέν
1164 3326 1229 3372 τινας
1237 3302 1277 3374 περὶ

157 3406 346 3478 γραμματικῆς,
366 3403 432 3458 κατὰ
447 3404 476 3458 δὲ
490 3404 596 3477 ἑτέρους
608 3405 669 3474 περὶ
686 3405 801 3477 κριτικῆς
814 3404 913 3476 τέχνης,
935 3401 1032 3477 κριτικὴ
1047 3403 1078 3457 δὲ
1089 3402 1189 3470 λέγεται
1199 3395 1214 3471 ἡ
1225 3395 1276 3466 dtu

158 3498 184 3551 ἐκ
207 3499 254 3550 τοῦ
280 3497 416 3550 καλλίστου
437 3495 540 3568 μέρους.
566 3499 598 3549 cf.
619 3498 710 3562 Lehrs,
737 3499 807 3549 anal.
832 3516 870 3564 gr.
890 3500 928 3550 IV
947 3500 980 3549 de
999 3497 1159 3564 Asclepiade
1176 3492 1242 3561 Myrl.
1255 3505 1277 3530 =

157 3590 321 3659 Herodfiscr.
342 3593 393 3641 tria
411 3609 436 3656 p.
451 3591 503 3639 437
519 3592 580 3641 adn.
600 3592 748 3656 inprimis:
770 3597 813 3657 „et
827 3593 939 3641 fortasse
958 3592 1012 3640 iam
1027 3591 1100 3641 Sexti
1118 3595 1278 3654 temporem

157 3685 228 3735 idem
248 3683 364 3734 omnium
385 3684 573 3749 exemplarium
592 3682 699 3733 index“.
744 3683 821 3734 Certe
845 3699 900 3733 non
923 3699 983 3733 cum
997 3682 1131 3734 Urlichsio
1156 3682 1216 3732 dues
1232 3678 1279 3727 odet

159 3783 186 3828 et
203 3769 316 3848 κριτικήν
336 3780 362 3825 et
380 3769 558 3845 γραμματικήν
576 3776 716 3841 Pamphilo
736 3791 775 3839 gr.
795 3776 939 3826 tribuerim.

232 3868 260 3934 5)
285 3868 328 3919 De
353 3867 460 3917 homine
485 3867 531 3917 illo
553 3874 659 3932 praeter
678 3868 825 3919 Suidanum
849 3867 916 3917 illud
939 3866 978 3915 nil
1001 3867 1107 3916 ecimus.
1147 3863 1212 3928 Quid
1232 3857 1280 3910 euim

157 3964 231 4012 iuvat
249 3961 320 4026 apud
333 3958 503 4009 Plutarchum
521 3960 550 4009 in
570 3976 653 4025 symp.
669 3968 768 4026 quaest.
788 3961 849 4010 libri
861 3961 901 4010 IX
919 3964 1013 4009 aetem.
1034 3959 1049 4006 3
1065 3962 1092 4008 et
1104 3957 1121 4005 4
1135 3955 1278 4022 zopyrioneu

157 4071 267 4120 gramm.
287 4053 439 4103 introduci?
466 4052 534 4113 Quid
553 4052 731 4102 Alexandriae
757 4053 804 4102 sub
824 4053 928 4102 initium
949 4067 1020 4101 saec.
1040 4051 1054 4100 Ι
1074 4051 1202 4100 medicum
1218 4046 1280 4106 Zopt·

160 4163 218 4200 rum
240 4147 320 4199 fiusse
346 4144 497 4196 auctoribus
517 4144 608 4193 Caelio
627 4144 771 4194 Aureliano
791 4144 913 4194 Oribasio
939 4144 1017 4194 aliis?
1040 4141 1232 4207 Desperandum
1246 4132 1280 4182 est·
