2618 4614
632 239 777 338 Aa*

131 440 263 525 addidit,
285 449 391 505 utrum
412 439 505 505 huius
528 464 608 527 opus
630 444 788 528 posterius
809 443 952 527 magisve
973 437 1098 504 scholae
1117 436 1270 502 desideriis
1308 415 1309 418 Ἴ

132 544 318 631 adaptatum
346 552 456 630 putas,
485 567 527 608 an
553 546 620 609 eius
655 547 710 632 qui
739 545 857 609 cultum
886 553 918 610 et
946 539 1128 630 spectacula
1156 541 1190 603 in
1220 541 1270 603 tris

132 645 271 733 capitula
303 647 475 728 contraxit,
514 647 670 711 mensium
706 648 794 733 apud
825 656 935 733 gentes
967 645 1153 732 peregrinas
1186 651 1271 729 atquc

132 750 279 835 antiquas
300 771 364 814 non
384 751 507 814 curavit
521 749 795 830 denominationis,
817 749 912 816 rebus
934 748 1068 835 publicis
1091 768 1156 810 uno
1179 747 1272 832 capite

133 850 299 916 defunctus
321 860 377 936 est,
400 862 510 918 contra
531 852 728 939 supellectili,
749 855 834 918 vasis
857 853 1054 937 omnigenus,
1077 850 1271 936 potissimum

132 975 207 1018 vero
228 952 323 1020 rebus
344 954 386 1020 ad
407 955 546 1020 scholam
573 955 845 1042 eruditionemque
867 952 1082 1041 spectantibus
1104 953 1272 1017 maximum

133 1058 288 1125 concessit
314 1056 477 1144 spatium?
525 1057 629 1138 Quam
657 1060 929 1123 ratiocinationem
959 1058 985 1120 si
1015 1057 1121 1119 minus
1154 1053 1273 1141 probas,

133 1161 273 1224 animum
295 1160 425 1225 adverte
446 1160 545 1224 multa
568 1160 707 1248 capitula
727 1161 814 1226 velut
836 1163 907 1248 περὶ
930 1159 1062 1240 ἡλικιῶν,
1089 1160 1163 1246 περὶ
1185 1174 1273 1238 συννε-

133 1265 225 1343 νείας,
257 1266 328 1351 περὶ
347 1263 463 1346 γάμου,
491 1265 563 1350 περὶ
588 1266 747 1345 κυνηγίας,
776 1267 848 1349 περὶ
873 1267 1038 1348 τρυγητοῶ,
1068 1263 1140 1346 περὶ
1168 1259 1274 1340 ἀνθῶν,

134 1368 205 1453 περὶ
234 1365 388 1452 ὀσπρίων,
417 1368 488 1453 περὶ
510 1363 683 1451 ἀρωμάτων
710 1366 772 1432 alia
796 1368 829 1430 in
850 1366 918 1430 NI
945 1405 987 1414 —-
1014 1363 1167 1429 nonnulla
1188 1364 1275 1428 etiam

133 1469 166 1531 in
188 1467 267 1531 NII
289 1477 321 1534 et
341 1468 428 1533 Mon.
456 1507 496 1517 —
524 1470 649 1553 integra
675 1470 835 1534 exstantia
860 1470 893 1533 in
915 1469 1026 1533 ceteris
1048 1475 1105 1530 aut
1125 1467 1275 1532 interiisse

134 1578 190 1634 aut
218 1569 287 1635 aliis
313 1570 460 1656 capitulis
489 1570 687 1656 adglutinata
713 1595 791 1637 esse.
838 1571 890 1636 An
916 1578 950 1634 tu
973 1579 1067 1657 putas
1092 1577 1208 1656 postea
1231 1567 1275 1634 dc·

134 1695 222 1737 mum
244 1696 294 1738 ex.
317 1696 364 1758 gr.
388 1682 484 1759 caput
506 1676 577 1761 περὶ
596 1673 721 1755 ἡλικιῶν
742 1674 793 1740 vel
815 1677 885 1761 περὶ
907 1672 1012 1739 ἀνθῶν
1034 1695 1075 1737 ex
1090 1673 1199 1758 capite
1213 1673 1276 1760 περὶ

135 1775 255 1862 φύσεως
287 1777 431 1857 σώματος
464 1775 661 1863 ἀνθρωπίνου
694 1777 744 1842 vel
770 1780 842 1865 περὶ
870 1778 1006 1863 δένδρων
1034 1773 1157 1863 [Mona]
1193 1775 1277 1860 quasi

135 1887 263 1944 exsecta
294 1901 364 1944 esse
398 1880 507 1965 eisque
541 1888 617 1944 tuno
649 1882 780 1967 propria
811 1879 912 1945 indita
941 1878 1093 1943 nomina?
1152 1878 1278 1942 Minime

134 1979 194 2045 hoo
216 2003 285 2046 esse
306 1980 476 2047 verisimile
497 1983 531 2046 in
552 1983 598 2047 eis
620 1992 704 2048 certe
725 1982 883 2070 capitibus
910 1980 987 2045 mihi
1009 1981 1173 2064 concedes,
1203 2004 1278 2068 quae

135 2083 175 2148 ab
205 2085 344 2170 antiquis
373 2086 588 2169 grammaticis
613 2094 748 2150 tractata
776 2094 864 2170 sunt,
897 2083 948 2150 vel
977 2106 1112 2170 quorum
1141 2082 1279 2165 ὀνόματα

134 2187 198 2249 iam
224 2189 399 2273 antiquitus
428 2186 558 2253 collecta
586 2189 619 2251 in
646 2189 847 2253 onomasticis
880 2186 1099 2272 similibusque
1132 2185 1278 2273 operibus

136 2288 194 2353 sub
223 2312 279 2354 suo
306 2290 398 2355 titulo
428 2293 596 2356 coniuncta
622 2292 819 2356 exstiterunt.
847 2331 889 2340 -
917 2290 983 2356 Sed
1002 2290 1085 2354 hanc
1106 2288 1146 2354 de
1168 2288 1279 2354 lexico·

134 2391 266 2478 graphis
287 2395 425 2480 antiquis
448 2395 665 2479 quaestionem
686 2395 871 2481 priusquam
894 2394 1071 2480 aggrediar,
1098 2392 1138 2457 de
1165 2402 1278 2473 tenore,

134 2517 193 2582 per
218 2518 313 2581 quem
336 2497 441 2582 capita
461 2496 539 2560 inN
557 2496 574 2559 Ι
596 2494 783 2581 decmrunt,
805 2519 908 2584 pauca
927 2496 1020 2560 liceat
1041 2494 1176 2560 adicere.
1221 2496 1280 2559 Hic

75 2660 76 2664 ,
135 2621 194 2683 ego
217 2607 272 2663 aut
292 2599 426 2684 turpiter
448 2621 517 2663 erro
547 2607 601 2663 aut
630 2600 743 2663 ceteris
769 2598 1111 2685 interpretamentisN
1138 2599 1154 2663 I
1184 2597 1279 2662 multo

135 2701 298 2766 meliorem
320 2703 459 2766 servavit
479 2723 584 2765 rerum
604 2701 754 2767 ordinem.
791 2702 864 2766 Diis
879 2703 1003 2787 superis
1020 2701 1063 2787 (I)
1080 2709 1282 2787 opponuntur

136 2804 228 2869 inferi
244 2805 323 2892 (11),
347 2811 497 2869 secuntur
517 2825 568 2867 res
590 2801 632 2868 ad
652 2803 837 2888 religionem
854 2803 932 2890 (III)
954 2802 1150 2888 deorumque
1165 2802 1281 2867 cultum

136 2908 329 2993 pertinentes
352 2904 524 2972 secundum
546 2905 632 2970 locos
655 2906 731 2993 (IV)
754 2929 804 2972 res
827 2906 885 2993 (V)
907 2916 1052 2992 tempora
1074 2905 1196 2991 (le),
1219 2907 1281 2992 qui·

136 3009 272 3073 buscum
300 3009 377 3098 [scil.
400 3008 513 3073 diebus
539 3008 638 3098 festis]
669 3032 766 3096 quam
793 3018 861 3074 arte
890 3008 957 3073 ludi
980 3009 1116 3072 scaenici
1138 3008 1231 3095 (VII)
1254 3016 1283 3073 et

137 3113 291 3176 circenses
308 3111 492 3198 (VHI—X)
513 3111 709 3193 cohaereant,
732 3112 836 3197 quivis
850 3110 1013 3195 intellegit.
1051 3111 1081 3174 A
1096 3109 1282 3175 caelestibus

135 3216 288 3279 transitur
302 3214 342 3278 ad
358 3213 478 3280 caelum
495 3213 589 3300 (XII)
609 3223 640 3278 et
654 3214 758 3279 sidera
772 3213 1007 3301 (XlI-XIV);
1030 3237 1050 3278 a
1064 3211 1150 3278 caelo
1166 3213 1284 3299 pendet

136 3326 314 3402 temporum
338 3316 588 3381 definiendorum
607 3317 688 3382 ratio
705 3315 945 3406 [chronologialt
967 3325 1062 3402 atque
1083 3318 1224 3401 primum
1245 3316 1289 3382 de

136 3419 333 3506 temporibus
353 3420 387 3482 in
408 3420 593 3482 universum
614 3421 719 3504 agitur
733 3420 835 3507 (XV),
858 3419 932 3483 dein
953 3418 993 3482 de
1011 3418 1173 3483 mensibus
1189 3419 1284 3504 (XVI

136 3522 276 3608 —XX),
304 3521 441 3608 denique
469 3519 509 3585 de
538 3520 649 3585 diebus
679 3521 811 3607 singulis
835 3521 957 3608 (XXI).
1000 3521 1069 3585 Iam
1099 3544 1118 3585 a
1144 3521 1231 3587 caelo
1253 3524 1285 3585 in

212 3878 240 3945 1)
259 3880 336 3942 Quod
361 3881 384 3929 si
408 3881 451 3930 cui
474 3896 522 3945 pro
546 3879 622 3930 huius
645 3879 724 3929 lexici
748 3880 850 3930 ratione
875 3879 993 3943 argutius
1011 3878 1131 3928 videatur
1155 3894 1213 3929 esse
1233 3880 1286 3931 dis·

138 3973 274 4039 quisitum,
300 3973 383 4037 possit
400 3972 512 4022 forsitan
531 3972 563 4022 de
585 3988 648 4023 casu
667 3972 791 4037 cogitari:
816 3977 906 4021 tamen
925 3972 1047 4037 antiquos
1066 3972 1104 4022 sic
1123 3971 1286 4037 disposuisse

136 4065 264 4115 Varronis
288 4064 317 4113 in
335 4064 542 4129 Antiquitatibus
567 4066 703 4132 praeclaro
729 4064 867 4115 didicimus
891 4064 1020 4130 exemplo.
1059 4063 1092 4114 of.
1116 4064 1195 4114 illud:
1223 4066 1287 4135 ,qui

136 4156 183 4206 ubi
202 4156 307 4224 quando
327 4155 390 4226 quid
409 4154 517 4224 agant“.
