2618 4614
138 521 267 587 doctum
304 523 462 608 promisso
502 523 588 609 quod
624 517 712 588 dedit
752 523 894 609 corporis
930 524 1276 609 interpretamentorun

136 624 522 691 Pseudodositheanorum
542 648 607 690 non
628 626 696 690 sine
716 625 808 690 iustis
823 623 1055 712 prolegomenis
1078 624 1192 690 edendi
1206 649 1259 692 mo
1268 655 1278 686 ,ι

136 749 206 793 esse
233 735 398 809 staturum,
425 736 462 792 ut
490 749 599 794 omnes
627 729 787 814 possimus
814 726 854 793 de
884 727 1016 814 singulis
1038 750 1164 815 quoque
1187 751 1208 816 q
1237 760 1275 788 ιιι

136 831 346 896 certissimum
366 831 449 895 ferre
462 829 659 916 iudiciuml).
692 829 828 895 Confero
850 852 902 894 me
923 829 964 894 ad
984 827 1088 895 lexico
1108 829 1274 896 secundun

134 956 186 998 res
218 933 396 1014 distributa,
428 954 509 1018 quae
541 930 679 996 secundo
711 953 837 1018 quoque
866 931 917 997 vel
948 933 1052 1018 primo
1084 934 1266 998 continentu

134 1037 486 1123 interpretamentorum
513 1033 603 1100 libro.
647 1034 721 1117 Qua
748 1035 782 1098 in
810 1057 844 1099 re
873 1033 959 1120 quod
980 1033 1048 1097 dixi
1074 1036 1193 1099 nemini
1213 1034 1271 1100 for

135 1135 278 1221 dubium,
300 1137 377 1224 quin
397 1138 504 1224 capita
524 1136 578 1202 illa
597 1158 662 1201 non
676 1136 866 1224 compluries
887 1136 991 1202 denuo
1012 1139 1201 1223 excogitata,
1224 1161 1268 1203 se
1282 1173 1309 1216 ι,

134 1241 242 1326 potius
267 1238 309 1306 ad
337 1240 520 1327 exemplum
548 1262 647 1304 unum
677 1240 873 1305 conformata
901 1240 972 1321 sint,
1004 1240 1068 1304 iam
1096 1263 1266 1306 meumes
1282 1269 1296 1307 u

135 1339 352 1426 comprobare.
401 1341 647 1408 Concedendum
669 1353 718 1408 est
738 1351 769 1408 et
789 1363 956 1406 numerum
978 1351 1010 1406 et
1031 1341 1173 1407 ordinem
1196 1346 1266 1430 cap‘
1286 1376 1309 1399 ιι

133 1451 203 1509 tum
230 1445 369 1510 variare:
400 1444 450 1509 his
476 1445 511 1509 in
537 1444 633 1511 rebus
661 1443 952 1530 ludimagistrorum
980 1443 1107 1510 licentia
1134 1455 1267 1530 grassat
1281 1451 1305 1489 ‘²³

134 1555 197 1630 est;
228 1556 335 1612 tamen
367 1555 456 1612 tanta
488 1548 629 1633 capitum
661 1547 754 1633 copia
780 1545 926 1612 omnibus
963 1568 1044 1633 quae
1075 1548 1258 1614 innotueru·
1281 1558 1299 1581 ¹²·

133 1649 370 1714 recensionibus
385 1651 561 1714 communis
583 1657 641 1731 est,
662 1657 699 1713 ut
719 1670 770 1712 me
789 1649 893 1714 iudice
915 1648 955 1714 de
977 1651 1136 1714 communi
1157 1652 1268 1736 origin

134 1750 274 1816 dubitari
294 1760 441 1839 nequeat.
477 1749 585 1838 Atque
598 1753 801 1817 inveniuntur
821 1752 855 1814 in
877 1749 1024 1816 omnibus
1039 1742 1287 1818 Krumbaoher

131 1855 215 1918 notis
237 1853 348 1919 lexicis
356 1857 382 1940 ²)
403 1855 481 1920 haec
502 1855 608 1941 capita
628 1855 819 1919 communia:
1285 1833 1288 1854 ¹

132 2027 303 2093 probabiliter
321 2028 437 2090 Graeco,
463 2028 534 2078 circa
557 2028 660 2078 initium
685 2027 784 2083 saeculi
808 2032 869 2092 post
887 2027 1018 2079 Christum
1042 2034 1135 2079 natum
1152 2032 1259 2081 tertiia
1303 2016 1309 2038 ²

132 2133 210 2170 nsum
228 2134 327 2183 eorum,
347 2120 391 2185 qui
402 2120 498 2171 Latine
512 2119 647 2170 Graeceve
659 2119 732 2185 loqui
745 2120 895 2184 cupiebant,
914 2123 1061 2186 composita
1080 2127 1148 2172 sunt.
1185 2123 1265 2175 Poste

131 2210 201 2261 riore
227 2210 331 2262 demum
354 2217 473 2277 tempore
497 2212 526 2262 in
550 2211 692 2278 archetypo
721 2210 821 2262 codicis
846 2211 962 2278 sangall.
984 2206 1191 2281 Ἔρμηνεύματα
1217 2231 1269 2265 cuo
1284 2202 1300 2280 f

131 2301 255 2352 Dosithei
279 2307 334 2353 arte
361 2304 534 2368 grammatice
562 2304 782 2370 sequentibusque
807 2302 999 2354 elocutionibus
1025 2310 1051 2355 et
1074 2306 1213 2356 verborum
1239 2326 1260 2356 ιι
1287 2308 1301 2369 j

132 2391 242 2457 dinibus,
262 2393 373 2445 fortasse
393 2395 427 2445 ed
446 2395 595 2446 scholarum
614 2395 746 2460 quendam
758 2411 843 2459 usum,
863 2396 1006 2447 coniuncta
1018 2401 1086 2447 sunt.
1124 2397 1260 2448 Imitabor

130 2478 454 2555 horum‘lippqveopdtov
466 2488 681 2552 conscripserunt
692 2486 932 2552 interpretamenta
942 2488 1116 2537 Monacensis
1132 2494 1158 2536 et
1170 2488 1262 2540 Mont

129 2576 273 2641 pessulana
291 2582 317 2627 et
334 2578 381 2627 ille
399 2594 467 2644 quae
477 2579 575 2629 Beatus
588 2578 732 2629 Rhenanus
745 2583 771 2628 et
783 2578 912 2628 Hemicus
927 2577 1076 2642 Stephanus
1088 2577 1258 2630 adhibuerim

129 2665 218 2717 Etiam
235 2666 302 2718 haec
320 2670 410 2720 omnia
426 2671 504 2722 tertio
524 2669 639 2734 saeculo,
658 2671 748 2734 utique
767 2684 822 2719 non
839 2673 901 2734 post
915 2666 1118 2719 Constantinam
1137 2674 1197 2719 orta
1216 2688 1261 2723 es

129 2758 270 2809 verisimile
289 2765 337 2812 est.
373 2762 503 2813 Recensio
521 2762 690 2816 Monacensis
708 2759 864 2811 Antiochiae
883 2761 911 2809 in
928 2761 992 2810 urbe
1012 2760 1103 2825 Syriae
1123 2764 1261 2830 conscrip

129 2865 188 2901 esse
213 2855 240 2901 et
263 2852 292 2902 in
310 2867 360 2902 usu
378 2851 459 2903 tuisse
477 2851 607 2903 videtur“.
644 2853 687 2903 De
705 2851 847 2902 Antiochia
864 2857 894 2902 ut
911 2853 1053 2917 cogitaret,
1078 2853 1193 2903 movisse
1214 2871 1240 2906 er

128 2941 239 3006 videtur,
260 2942 331 3008 quod
348 2945 377 2993 in
395 2945 524 2994 mensium
543 2944 631 3008 catal,
651 2944 696 3010 qui
713 2945 742 2993 in
759 2943 811 2994 fine
829 2944 936 3009 interpr.
955 2944 1060 2994 Monac.
1081 2948 1174 3008 exstat,
1195 2962 1216 3014 μ»

124 3025 290 3101 Ἀντιοχείων
307 3035 484 3087 inveniuntur.
531 3035 584 3087 Sed
602 3035 819 3086 Antiochensium
837 3051 942 3085 menses
965 3037 1016 3086 καῖ’
1031 3029 1125 3103 ἐξοχὴν
1142 3053 1219 3087 vocar

129 3107 178 3190 qui
192 3125 272 3190 vulgo
291 3125 402 3177 audiunt
421 3124 501 3195 μῆνες
513 3119 661 3194 ‘Eiidem
681 3132 742 3177 suut
755 3127 995 3192 Syromacedonici.
1028 3127 1061 3176 In
1074 3127 1147 3178 Mon.
1167 3131 1218 3194 qui«

127 3221 189 3282 post
208 3214 287 3285 μῆνες
299 3209 437 3286 Ἑλλήνων
454 3217 654 3269 Atheniensium
673 3218 807 3270 mensibus
831 3219 992 3284 interpositis
1012 3216 1091 3287 μῆνες
1104 3215 1193 3269 'Arato

127 3313 258 3359 secuntur.
306 3307 429 3359 Ceterum
457 3310 494 3359 eis
523 3325 625 3376 quoque
651 3326 718 3376 quae
744 3309 776 3360 de
801 3311 1000 3362 Monacensium
1026 3315 1052 3360 et
1075 3311 1167 3361 Monte

125 3401 233 3465 interpr.
253 3400 404 3451 auctoribus
416 3400 559 3450 Leidensia
571 3402 680 3452 imitatis
693 3402 767 3465 dixit,
786 3401 872 3451 adhuc
885 3401 1006 3466 plausum
1020 3402 1131 3466 denego.

126 3489 196 3541 infra
213 3490 315 3541 videbis
335 3493 478 3557 expositas.
950 3548 954 3559 ,

201 3580 326 3647 1)Nune
351 3585 422 3632 enim
446 3583 589 3633 dolendum
618 3588 657 3633 est
685 3584 801 3648 capitum
828 3584 932 3650 quidem
960 3585 1062 3635 indices
1092 3590 1118 3634 et
1145 3585 1172 3635 lil

124 3675 363 3739 manuscriptorum
378 3674 568 3740 descriptiones
582 3674 652 3739 apud
666 3672 849 3740 [Boucherium
868 3675 903 3742 et]
917 3676 1140 3728 Krumhacherum
1160 3694 1173 3728 e

125 3765 243 3830 singulas
261 3781 323 3816 vero
343 3764 446 3830 glossas
458 3782 512 3816 non
525 3767 576 3816 nisi
589 3767 881 3835 Montepessulanorum
895 3772 921 3817 et
933 3767 1157 3834 Stephanianorur

123 3861 347 3920 pretamentorum
361 3857 469 3908 eruditis
483 3858 516 3907 ad
530 3873 637 3908 manum
650 3874 715 3910 esse.
731 3886 765 3894 -
778 3859 864 3921 Quam
877 3874 957 3923 saepe
975 3860 1023 3908 viri
1042 3860 1134 3910 doctis

124 3947 183 3998 silio
201 3953 279 4013 capto
295 3951 411 4014 corporis
423 3951 531 4014 interpr.
545 3950 707 4002 Pseudodos.
721 3950 854 4002 condendi
866 3955 949 4001 morte
963 3953 1101 4016 quominus
1114 3968 1126 4017 p

123 4039 177 4090 sint
194 4040 322 4106 impediti,
341 4040 522 4090 Kmmbacher
539 4043 669 4106 exposuit.

197 4130 224 4195 2)
244 4131 379 4181 Glossarie
405 4131 591 4184 Graeculatina
613 4149 700 4185 rerum
728 4151 796 4201 quae
824 4139 948 4187 secuntur
972 4134 1092 4185 ordinem

122 4226 265 4273 notuerunt
289 4222 335 4287 (ct.
361 4223 469 4274 Krumb.
494 4223 529 4272 50
548 4223 616 4292 sqq.)
639 4225 718 4278 haec:
745 4224 771 4279 1.
792 4228 851 4280 cod.
869 4228 1031 4292 Montepess.
1051 4224 1099 4275 3οϊ
