<?xml version="1.0" encoding="UTF-8"?>
<!DOCTYPE html PUBLIC "-//W3C//DTD XHTML 1.0 Transitional//EN"
    "http://www.w3.org/TR/xhtml1/DTD/xhtml1-transitional.dtd">
<html xmlns="http://www.w3.org/1999/xhtml" xml:lang="en" lang="en">
 <head>
  <title>
</title>
<meta http-equiv="Content-Type" content="text/html;charset=utf-8" />
  <meta name='ocr-system' content='tesseract 3.04.00' />
  <meta name='ocr-capabilities' content='ocr_page ocr_carea ocr_par ocr_line ocrx_word'/>
</head>
<body>
  <div class='ocr_page' id='page_1' title='image "./delexicographis01schogoog_0020.png"; bbox 0 0 2618 4614; ppageno 0'>
   <div class='ocr_carea' id='block_1_1' title="bbox 576 293 615 352">
    <p class='ocr_par' dir='ltr' id='par_1_1' title="bbox 576 293 615 352">
     <span class='ocr_line' id='line_1_1' title="bbox 576 293 615 352; baseline -0.026 0"><span class='ocrx_word' id='word_1_1' title='bbox 576 293 615 352; x_wconf 97' lang='grc'><strong>15</strong></span> 
     </span>
    </p>
   </div>
   <div class='ocr_carea' id='block_1_2' title="bbox 10 487 1169 3442">
    <p class='ocr_par' dir='ltr' id='par_1_2' title="bbox 10 487 1169 3013">
     <span class='ocr_line' id='line_1_2' title="bbox 12 487 1165 581; baseline 0.003 -29"><span class='ocrx_word' id='word_1_2' title='bbox 12 487 168 553; x_wconf 78' lang='lat' dir='ltr'><strong>ferendus</strong></span> <span class='ocrx_word' id='word_1_3' title='bbox 196 489 246 554; x_wconf 87' lang='lat' dir='ltr'><strong>sit.</strong></span> <span class='ocrx_word' id='word_1_4' title='bbox 288 491 443 556; x_wconf 82' lang='lat' dir='ltr'><strong>Videmus</strong></span> <span class='ocrx_word' id='word_1_5' title='bbox 470 493 622 559; x_wconf 86' lang='lat' dir='ltr'><strong>maiorem</strong></span> <span class='ocrx_word' id='word_1_6' title='bbox 649 501 734 581; x_wconf 82' lang='lat' dir='ltr'><strong>certe</strong></span> <span class='ocrx_word' id='word_1_7' title='bbox 760 492 841 556; x_wconf 89' lang='lat' dir='ltr'><strong>inter</strong></span> <span class='ocrx_word' id='word_1_8' title='bbox 866 492 894 554; x_wconf 93' lang='lat' dir='ltr'><strong>B</strong></span> <span class='ocrx_word' id='word_1_9' title='bbox 923 501 957 557; x_wconf 85' lang='lat' dir='ltr'><strong>et¹</strong></span> <span class='ocrx_word' id='word_1_10' title='bbox 974 490 1041 578; x_wconf 70' lang='lat' dir='ltr'><strong>Nl)</strong></span> <span class='ocrx_word' id='word_1_11' title='bbox 1069 513 1165 576; x_wconf 80' lang='lat' dir='ltr'><strong>quam</strong></span> 
     </span>
     <span class='ocr_line' id='line_1_3' title="bbox 17 590 1166 678; baseline 0 -23"><span class='ocrx_word' id='word_1_12' title='bbox 17 590 104 655; x_wconf 89' lang='lat' dir='ltr'><strong>inter</strong></span> <span class='ocrx_word' id='word_1_13' title='bbox 124 591 152 654; x_wconf 94' lang='lat' dir='ltr'>P</span> <span class='ocrx_word' id='word_1_14' title='bbox 172 600 205 657; x_wconf 91' lang='lat' dir='ltr'><strong>et</strong></span> <span class='ocrx_word' id='word_1_15' title='bbox 225 591 291 678; x_wconf 72' lang='lat' dir='ltr'><strong>N2)</strong></span> <span class='ocrx_word' id='word_1_16' title='bbox 320 614 509 659; x_wconf 89' lang='lat' dir='ltr'><strong>consensum</strong></span> <span class='ocrx_word' id='word_1_17' title='bbox 537 617 622 678; x_wconf 71' lang='lat' dir='ltr'><strong>esse,</strong></span> <span class='ocrx_word' id='word_1_18' title='bbox 651 594 841 660; x_wconf 90' lang='lat' dir='ltr'><strong>dissentiunt</strong></span> <span class='ocrx_word' id='word_1_19' title='bbox 867 594 894 657; x_wconf 94' lang='lat' dir='ltr'>P</span> <span class='ocrx_word' id='word_1_20' title='bbox 920 603 952 659; x_wconf 90' lang='lat' dir='ltr'><strong>et</strong></span> <span class='ocrx_word' id='word_1_21' title='bbox 976 593 1007 656; x_wconf 86' lang='lat' dir='ltr'>N</span> <span class='ocrx_word' id='word_1_22' title='bbox 1034 592 1089 657; x_wconf 89' lang='lat' dir='ltr'><strong>ubi</strong></span> <span class='ocrx_word' id='word_1_23' title='bbox 1110 601 1166 656; x_wconf 87' lang='lat' dir='ltr'><strong>aut</strong></span> 
     </span>
     <span class='ocr_line' id='line_1_4' title="bbox 15 689 1165 783; baseline 0 -26"><span class='ocrx_word' id='word_1_24' title='bbox 15 689 168 758; x_wconf 86' lang='lat' dir='ltr'><strong>librarius</strong></span> <span class='ocrx_word' id='word_1_25' title='bbox 190 693 267 780; x_wconf 91' lang='lat' dir='ltr'><strong>quid</strong></span> <span class='ocrx_word' id='word_1_26' title='bbox 288 698 432 781; x_wconf 87' lang='lat' dir='ltr'><strong>peccavit</strong></span> <span class='ocrx_word' id='word_1_27' title='bbox 439 698 466 783; x_wconf 82' lang='lat'><strong>³)</strong></span> <span class='ocrx_word' id='word_1_28' title='bbox 488 706 544 761; x_wconf 89' lang='lat' dir='ltr'><strong>aut</strong></span> <span class='ocrx_word' id='word_1_29' title='bbox 563 698 597 760; x_wconf 93' lang='lat' dir='ltr'><strong>in</strong></span> <span class='ocrx_word' id='word_1_30' title='bbox 615 697 642 760; x_wconf 93' lang='lat' dir='ltr'><strong>P</strong></span> <span class='ocrx_word' id='word_1_31' title='bbox 664 706 782 762; x_wconf 92' lang='lat' dir='ltr'><strong>temere</strong></span> <span class='ocrx_word' id='word_1_32' title='bbox 803 705 960 760; x_wconf 89' lang='lat' dir='ltr'><strong>mutatum</strong></span> <span class='ocrx_word' id='word_1_33' title='bbox 982 703 1038 760; x_wconf 85' lang='lat' dir='ltr'><strong>est.</strong></span> <span class='ocrx_word' id='word_1_34' title='bbox 1078 693 1165 758; x_wconf 85' lang='lat' dir='ltr'><strong>Titu-</strong></span> 
     </span>
     <span class='ocr_line' id='line_1_5' title="bbox 13 791 1166 882; baseline 0 -23"><span class='ocrx_word' id='word_1_35' title='bbox 13 791 88 859; x_wconf 87' lang='lat' dir='ltr'><strong>lum</strong></span> <span class='ocrx_word' id='word_1_36' title='bbox 115 795 213 880; x_wconf 91' lang='lat' dir='ltr'><strong>illum,</strong></span> <span class='ocrx_word' id='word_1_37' title='bbox 247 799 302 882; x_wconf 91' lang='lat' dir='ltr'><strong>qui</strong></span> <span class='ocrx_word' id='word_1_38' title='bbox 327 798 540 864; x_wconf 86' lang='lat' dir='ltr'><strong>Boucherium</strong></span> <span class='ocrx_word' id='word_1_39' title='bbox 568 800 602 863; x_wconf 93' lang='lat' dir='ltr'><strong>in</strong></span> <span class='ocrx_word' id='word_1_40' title='bbox 630 820 752 864; x_wconf 88' lang='lat' dir='ltr'><strong>errores</strong></span> <span class='ocrx_word' id='word_1_41' title='bbox 779 798 922 881; x_wconf 89' lang='lat' dir='ltr'><strong>abduxit,</strong></span> <span class='ocrx_word' id='word_1_42' title='bbox 956 797 1166 872; x_wconf 78' lang='grc' dir='ltr'><strong>Πολυδεύκους</strong></span> 
     </span>
     <span class='ocr_line' id='line_1_6' title="bbox 11 898 1167 987; baseline 0.002 -27"><span class='ocrx_word' id='word_1_43' title='bbox 11 898 94 984; x_wconf 85' lang='grc' dir='ltr'><strong>περὶ</strong></span> <span class='ocrx_word' id='word_1_44' title='bbox 114 902 323 987; x_wconf 77' lang='grc' dir='ltr'><strong>καθημερινῆς</strong></span> <span class='ocrx_word' id='word_1_45' title='bbox 344 899 467 981; x_wconf 82' lang='grc' dir='ltr'><strong>ὁμιλίας</strong></span> <span class='ocrx_word' id='word_1_46' title='bbox 493 902 527 965; x_wconf 93' lang='lat' dir='ltr'><strong>in</strong></span> <span class='ocrx_word' id='word_1_47' title='bbox 555 923 619 966; x_wconf 87' lang='lat' dir='ltr'><strong>une</strong></span> <span class='ocrx_word' id='word_1_48' title='bbox 640 901 667 964; x_wconf 93' lang='lat' dir='ltr'>P</span> <span class='ocrx_word' id='word_1_49' title='bbox 689 909 866 966; x_wconf 84' lang='lat' dir='ltr'><strong>exstantem</strong></span> <span class='ocrx_word' id='word_1_50' title='bbox 887 899 932 964; x_wconf 92' lang='lat' dir='ltr'><strong>nil</strong></span> <span class='ocrx_word' id='word_1_51' title='bbox 951 901 1014 964; x_wconf 90' lang='lat' dir='ltr'><strong>nisi</strong></span> <span class='ocrx_word' id='word_1_52' title='bbox 1034 899 1167 964; x_wconf 89' lang='lat' dir='ltr'><strong>Hermo-</strong></span> 
     </span>
     <span class='ocr_line' id='line_1_7' title="bbox 10 998 1167 1084; baseline 0.002 -22"><span class='ocrx_word' id='word_1_53' title='bbox 10 1001 111 1084; x_wconf 84' lang='lat' dir='ltr'><strong>nymi</strong></span> <span class='ocrx_word' id='word_1_54' title='bbox 137 998 305 1066; x_wconf 89' lang='lat' dir='ltr'><strong>molestum</strong></span> <span class='ocrx_word' id='word_1_55' title='bbox 333 1002 584 1069; x_wconf 85' lang='lat' dir='ltr'><strong>additamentum</strong></span> <span class='ocrx_word' id='word_1_56' title='bbox 616 1025 685 1068; x_wconf 90' lang='lat' dir='ltr'><strong>esse</strong></span> <span class='ocrx_word' id='word_1_57' title='bbox 714 1005 778 1069; x_wconf 85' lang='lat' dir='ltr'><strong>iam</strong></span> <span class='ocrx_word' id='word_1_58' title='bbox 808 1001 1030 1068; x_wconf 81' lang='lat' dir='ltr'><strong>intelleximus,</strong></span> <span class='ocrx_word' id='word_1_59' title='bbox 1085 1001 1167 1066; x_wconf 85' lang='lat' dir='ltr'><strong>Sunt</strong></span> 
     </span>
     <span class='ocr_line' id='line_1_8' title="bbox 10 1103 1167 1192; baseline 0.002 -28"><span class='ocrx_word' id='word_1_60' title='bbox 10 1123 104 1187; x_wconf 85' lang='lat' dir='ltr'><strong>quae</strong></span> <span class='ocrx_word' id='word_1_61' title='bbox 132 1103 237 1168; x_wconf 89' lang='lat' dir='ltr'><strong>minus</strong></span> <span class='ocrx_word' id='word_1_62' title='bbox 264 1103 355 1170; x_wconf 88' lang='lat' dir='ltr'><strong>facile</strong></span> <span class='ocrx_word' id='word_1_63' title='bbox 383 1106 546 1192; x_wconf 88' lang='lat' dir='ltr'><strong>expedias.</strong></span> <span class='ocrx_word' id='word_1_64' title='bbox 600 1107 673 1171; x_wconf 89' lang='lat' dir='ltr'><strong>Non</strong></span> <span class='ocrx_word' id='word_1_65' title='bbox 700 1126 809 1192; x_wconf 84' lang='lat' dir='ltr'><strong>urgeo,</strong></span> <span class='ocrx_word' id='word_1_66' title='bbox 842 1103 929 1190; x_wconf 89' lang='lat' dir='ltr'><strong>quod</strong></span> <span class='ocrx_word' id='word_1_67' title='bbox 954 1105 1026 1186; x_wconf 80' lang='lat'><strong>517,</strong></span> <span class='ocrx_word' id='word_1_68' title='bbox 1042 1103 1167 1168; x_wconf 80' lang='lat'>24-25</span> 
     </span>
     <span class='ocr_line' id='line_1_9' title="bbox 10 1200 1167 1294; baseline 0.003 -28"><span class='ocrx_word' id='word_1_69' title='bbox 10 1200 49 1266; x_wconf 74' lang='lat' dir='ltr'>N</span> <span class='ocrx_word' id='word_1_70' title='bbox 72 1203 180 1289; x_wconf 81' lang='grc' dir='ltr'><strong>λάβετε</strong></span> <span class='ocrx_word' id='word_1_71' title='bbox 201 1206 257 1269; x_wconf 87' lang='grc' dir='ltr'><strong>τὸν</strong></span> <span class='ocrx_word' id='word_1_72' title='bbox 276 1208 375 1273; x_wconf 81' lang='grc' dir='ltr'>τόπον</span> <span class='ocrx_word' id='word_1_73' title='bbox 402 1209 548 1294; x_wconf 84' lang='lat' dir='ltr'><strong>praebet:</strong></span> <span class='ocrx_word' id='word_1_74' title='bbox 576 1210 728 1274; x_wconf 82' lang='lat' dir='ltr'><strong>usitatum</strong></span> <span class='ocrx_word' id='word_1_75' title='bbox 755 1216 804 1272; x_wconf 86' lang='lat' dir='ltr'><strong>est</strong></span> <span class='ocrx_word' id='word_1_76' title='bbox 829 1207 928 1273; x_wconf 84' lang='grc' dir='ltr'><strong>τόπον</strong></span> <span class='ocrx_word' id='word_1_77' title='bbox 949 1206 1072 1272; x_wconf 84' lang='grc' dir='ltr'><strong>διδόναι</strong></span> <span class='ocrx_word' id='word_1_78' title='bbox 1099 1205 1167 1269; x_wconf 93' lang='lat' dir='ltr'><strong>sine</strong></span> 
     </span>
     <span class='ocr_line' id='line_1_10' title="bbox 10 1305 1167 1397; baseline 0.003 -29"><span class='ocrx_word' id='word_1_79' title='bbox 10 1305 153 1370; x_wconf 76' lang='lat' dir='ltr'><strong>articulo</strong></span> <span class='ocrx_word' id='word_1_80' title='bbox 186 1308 294 1394; x_wconf 83' lang='lat' dir='ltr'><strong>itaque</strong></span> <span class='ocrx_word' id='word_1_81' title='bbox 324 1310 380 1374; x_wconf 91' lang='lat' dir='ltr'><strong>PB</strong></span> <span class='ocrx_word' id='word_1_82' title='bbox 414 1313 546 1396; x_wconf 88' lang='lat' dir='ltr'><strong>rectius;</strong></span> <span class='ocrx_word' id='word_1_83' title='bbox 580 1312 652 1394; x_wconf 87' lang='grc'><strong>518,</strong></span> <span class='ocrx_word' id='word_1_84' title='bbox 675 1313 696 1377; x_wconf 89' lang='lat'><strong>9</strong></span> <span class='ocrx_word' id='word_1_85' title='bbox 723 1333 781 1397; x_wconf 89' lang='lat' dir='ltr'><strong>pre</strong></span> <span class='ocrx_word' id='word_1_86' title='bbox 809 1311 948 1396; x_wconf 87' lang='grc' dir='ltr'><strong>πειράσο</strong></span> <span class='ocrx_word' id='word_1_87' title='bbox 976 1309 1003 1372; x_wconf 91' lang='grc' dir='ltr'><strong>Ρ</strong></span> <span class='ocrx_word' id='word_1_88' title='bbox 1031 1307 1167 1392; x_wconf 77' lang='grc' dir='ltr'><strong>πειράζει</strong></span> 
     </span>
     <span class='ocr_line' id='line_1_11' title="bbox 10 1407 1165 1498; baseline 0.002 -27"><span class='ocrx_word' id='word_1_89' title='bbox 10 1407 86 1495; x_wconf 77' lang='lat' dir='ltr'><strong>[lat.</strong></span> <span class='ocrx_word' id='word_1_90' title='bbox 102 1409 201 1497; x_wconf 82' lang='lat' dir='ltr'><strong>tento]</strong></span> <span class='ocrx_word' id='word_1_91' title='bbox 217 1432 290 1475; x_wconf 92' lang='lat' dir='ltr'><strong>cum</strong></span> <span class='ocrx_word' id='word_1_92' title='bbox 304 1412 362 1476; x_wconf 89' lang='lat' dir='ltr'><strong>NB</strong></span> <span class='ocrx_word' id='word_1_93' title='bbox 378 1413 581 1479; x_wconf 90' lang='lat' dir='ltr'><strong>scribendum</strong></span> <span class='ocrx_word' id='word_1_94' title='bbox 601 1424 658 1479; x_wconf 89' lang='lat' dir='ltr'><strong>est.</strong></span> <span class='ocrx_word' id='word_1_95' title='bbox 703 1412 798 1494; x_wconf 78' lang='lat' dir='ltr'><strong>Quod</strong></span> <span class='ocrx_word' id='word_1_96' title='bbox 812 1413 941 1498; x_wconf 84' lang='lat' dir='ltr'><strong>gravius</strong></span> <span class='ocrx_word' id='word_1_97' title='bbox 956 1419 1021 1476; x_wconf 87' lang='lat' dir='ltr'><strong>est:</strong></span> <span class='ocrx_word' id='word_1_98' title='bbox 1041 1409 1114 1492; x_wconf 84' lang='lat'><strong>518,</strong></span> <span class='ocrx_word' id='word_1_99' title='bbox 1126 1408 1165 1473; x_wconf 78' lang='lat'><strong>21</strong></span> 
     </span>
     <span class='ocr_line' id='line_1_12' title="bbox 10 1507 1168 1604; baseline 0.004 -33"><span class='ocrx_word' id='word_1_100' title='bbox 10 1507 80 1573; x_wconf 82' lang='lat' dir='ltr'><strong>NB</strong></span> <span class='ocrx_word' id='word_1_101' title='bbox 109 1510 265 1596; x_wconf 85' lang='lat' dir='ltr'><strong>praebent</strong></span> <span class='ocrx_word' id='word_1_102' title='bbox 290 1513 397 1592; x_wconf 78' lang='grc' dir='ltr'><strong>ἐπίδος</strong></span> <span class='ocrx_word' id='word_1_103' title='bbox 426 1517 608 1604; x_wconf 82' lang='grc' dir='ltr'><strong>ἐπικάρσιον</strong></span> <span class='ocrx_word' id='word_1_104' title='bbox 637 1516 746 1598; x_wconf 87' lang='lat' dir='ltr'><strong>„adice</strong></span> <span class='ocrx_word' id='word_1_105' title='bbox 771 1513 972 1595; x_wconf 85' lang='lat' dir='ltr'><strong>amiculum“,</strong></span> <span class='ocrx_word' id='word_1_106' title='bbox 1004 1512 1032 1575; x_wconf 94' lang='lat' dir='ltr'>P</span> <span class='ocrx_word' id='word_1_107' title='bbox 1058 1519 1168 1576; x_wconf 87' lang='lat' dir='ltr'><strong>contra</strong></span> 
     </span>
     <span class='ocr_line' id='line_1_13' title="bbox 10 1611 1167 1698; baseline -0.001 -22"><span class='ocrx_word' id='word_1_108' title='bbox 10 1613 127 1693; x_wconf 77' lang='grc' dir='ltr'><strong>εἴσαγε</strong></span> <span class='ocrx_word' id='word_1_109' title='bbox 154 1612 210 1679; x_wconf 87' lang='grc' dir='ltr'><strong>τὸν</strong></span> <span class='ocrx_word' id='word_1_110' title='bbox 236 1619 328 1680; x_wconf 80' lang='grc' dir='ltr'><strong>θεῖον</strong></span> <span class='ocrx_word' id='word_1_111' title='bbox 356 1617 496 1690; x_wconf 83' lang='lat' dir='ltr'><strong>„adduce</strong></span> <span class='ocrx_word' id='word_1_112' title='bbox 525 1618 745 1684; x_wconf 57' lang='lat' dir='ltr'><strong>avunculum.</strong></span> <span class='ocrx_word' id='word_1_113' title='bbox 803 1616 894 1698; x_wconf 82' lang='lat' dir='ltr'><strong>Quae</strong></span> <span class='ocrx_word' id='word_1_114' title='bbox 923 1613 1092 1680; x_wconf 87' lang='lat' dir='ltr'><strong>difficultas</strong></span> <span class='ocrx_word' id='word_1_115' title='bbox 1122 1611 1167 1676; x_wconf 90' lang='lat' dir='ltr'><strong>sic</strong></span> 
     </span>
     <span class='ocr_line' id='line_1_14' title="bbox 10 1713 1165 1802; baseline -0.001 -24"><span class='ocrx_word' id='word_1_116' title='bbox 10 1713 206 1799; x_wconf 80' lang='lat' dir='ltr'><strong>expeditur:</strong></span> <span class='ocrx_word' id='word_1_117' title='bbox 228 1740 270 1782; x_wconf 90' lang='lat' dir='ltr'><strong>ex</strong></span> <span class='ocrx_word' id='word_1_118' title='bbox 292 1718 402 1800; x_wconf 89' lang='lat' dir='ltr'><strong>„adice</strong></span> <span class='ocrx_word' id='word_1_119' title='bbox 423 1718 612 1785; x_wconf 80' lang='lat' dir='ltr'><strong>amiculum“</strong></span> <span class='ocrx_word' id='word_1_120' title='bbox 635 1730 739 1784; x_wconf 85' lang='lat' dir='ltr'><strong>ortum</strong></span> <span class='ocrx_word' id='word_1_121' title='bbox 761 1729 810 1785; x_wconf 89' lang='lat' dir='ltr'><strong>est</strong></span> <span class='ocrx_word' id='word_1_122' title='bbox 832 1719 941 1802; x_wconf 83' lang='lat' dir='ltr'><strong>,adice</strong></span> <span class='ocrx_word' id='word_1_123' title='bbox 955 1714 1165 1783; x_wconf 76' lang='lat' dir='ltr'><strong>avrmculum“</strong></span> 
     </span>
     <span class='ocr_line' id='line_1_15' title="bbox 10 1813 1168 1909; baseline 0 -29"><span class='ocrx_word' id='word_1_124' title='bbox 10 1813 72 1880; x_wconf 91' lang='lat' dir='ltr'><strong>vel</strong></span> <span class='ocrx_word' id='word_1_125' title='bbox 96 1816 238 1896; x_wconf 88' lang='lat' dir='ltr'><strong>„adduce</strong></span> <span class='ocrx_word' id='word_1_126' title='bbox 259 1820 447 1885; x_wconf 83' lang='lat' dir='ltr'><strong>amiculum“</strong></span> <span class='ocrx_word' id='word_1_127' title='bbox 463 1823 515 1888; x_wconf 89' lang='lat' dir='ltr'><strong>vel</strong></span> <span class='ocrx_word' id='word_1_128' title='bbox 529 1821 629 1887; x_wconf 91' lang='lat' dir='ltr'><strong>simile</strong></span> <span class='ocrx_word' id='word_1_129' title='bbox 644 1822 735 1909; x_wconf 81' lang='lat' dir='ltr'><strong>quid3</strong></span> <span class='ocrx_word' id='word_1_130' title='bbox 757 1823 940 1908; x_wconf 84' lang='lat' dir='ltr'><strong>supervenit</strong></span> <span class='ocrx_word' id='word_1_131' title='bbox 955 1821 1009 1905; x_wconf 88' lang='lat' dir='ltr'><strong>qui</strong></span> <span class='ocrx_word' id='word_1_132' title='bbox 1030 1817 1168 1884; x_wconf 83' lang='lat' dir='ltr'><strong>correxit</strong></span> 
     </span>
     <span class='ocr_line' id='line_1_16' title="bbox 10 1915 1167 2011; baseline 0.002 -29"><span class='ocrx_word' id='word_1_133' title='bbox 10 1915 167 2000; x_wconf 84' lang='lat' dir='ltr'><strong>„adduce</strong></span> <span class='ocrx_word' id='word_1_134' title='bbox 192 1922 419 2007; x_wconf 77' lang='lat' dir='ltr'><strong>avrmculum“;</strong></span> <span class='ocrx_word' id='word_1_135' title='bbox 447 1925 562 2011; x_wconf 92' lang='lat' dir='ltr'><strong>quibus</strong></span> <span class='ocrx_word' id='word_1_136' title='bbox 583 1923 689 1990; x_wconf 88' lang='lat' dir='ltr'><strong>verbis</strong></span> <span class='ocrx_word' id='word_1_137' title='bbox 711 1922 835 1989; x_wconf 80' lang='lat' dir='ltr'><strong>Graeca</strong></span> <span class='ocrx_word' id='word_1_138' title='bbox 859 1922 1010 2009; x_wconf 82' lang='lat' dir='ltr'><strong>adaptate</strong></span> <span class='ocrx_word' id='word_1_139' title='bbox 1031 1930 1105 1984; x_wconf 88' lang='lat' dir='ltr'><strong>sunt</strong></span> <span class='ocrx_word' id='word_1_140' title='bbox 1125 1917 1167 1984; x_wconf 89' lang='lat' dir='ltr'><strong>ab</strong></span> 
     </span>
     <span class='ocr_line' id='line_1_17' title="bbox 10 2017 1167 2113; baseline 0 -30"><span class='ocrx_word' id='word_1_141' title='bbox 10 2017 160 2104; x_wconf 88' lang='lat' dir='ltr'><strong>homine,</strong></span> <span class='ocrx_word' id='word_1_142' title='bbox 188 2024 244 2108; x_wconf 91' lang='lat' dir='ltr'><strong>qui</strong></span> <span class='ocrx_word' id='word_1_143' title='bbox 271 2024 377 2112; x_wconf 86' lang='lat' dir='ltr'><strong>aliquo</strong></span> <span class='ocrx_word' id='word_1_144' title='bbox 408 2025 519 2092; x_wconf 88' lang='lat' dir='ltr'><strong>saltem</strong></span> <span class='ocrx_word' id='word_1_145' title='bbox 550 2026 644 2092; x_wconf 89' lang='lat' dir='ltr'><strong>mode</strong></span> <span class='ocrx_word' id='word_1_146' title='bbox 671 2046 784 2113; x_wconf 81' lang='lat' dir='ltr'><strong>graece</strong></span> <span class='ocrx_word' id='word_1_147' title='bbox 810 2024 898 2112; x_wconf 86' lang='lat' dir='ltr'><strong>loqui</strong></span> <span class='ocrx_word' id='word_1_148' title='bbox 926 2023 1042 2090; x_wconf 82' lang='lat' dir='ltr'><strong>calluit.</strong></span> <span class='ocrx_word' id='word_1_149' title='bbox 1084 2020 1167 2084; x_wconf 86' lang='lat' dir='ltr'><strong>Nam</strong></span> 
     </span>
     <span class='ocr_line' id='line_1_18' title="bbox 10 2121 1167 2214; baseline 0 -28"><span class='ocrx_word' id='word_1_150' title='bbox 10 2123 78 2186; x_wconf 88' lang='lat' dir='ltr'><strong>vix</strong></span> <span class='ocrx_word' id='word_1_151' title='bbox 99 2121 249 2210; x_wconf 84' lang='lat' dir='ltr'><strong>adducar,</strong></span> <span class='ocrx_word' id='word_1_152' title='bbox 271 2137 307 2191; x_wconf 92' lang='lat' dir='ltr'><strong>ut</strong></span> <span class='ocrx_word' id='word_1_153' title='bbox 327 2129 454 2194; x_wconf 84' lang='lat' dir='ltr'><strong>credam</strong></span> <span class='ocrx_word' id='word_1_154' title='bbox 476 2129 656 2214; x_wconf 79' lang='grc' dir='ltr'><strong>ἐπικάρσιον</strong></span> <span class='ocrx_word' id='word_1_155' title='bbox 673 2131 836 2196; x_wconf 90' lang='lat' dir='ltr'><strong>inventum</strong></span> <span class='ocrx_word' id='word_1_156' title='bbox 857 2149 926 2193; x_wconf 89' lang='lat' dir='ltr'><strong>esse</strong></span> <span class='ocrx_word' id='word_1_157' title='bbox 947 2133 1167 2206; x_wconf 85' lang='lat' dir='ltr'><strong>acorrectore,</strong></span> 
     </span>
     <span class='ocr_line' id='line_1_19' title="bbox 11 2225 1168 2320; baseline 0 -32"><span class='ocrx_word' id='word_1_158' title='bbox 11 2234 56 2289; x_wconf 89' lang='lat' dir='ltr'><strong>ut</strong></span> <span class='ocrx_word' id='word_1_159' title='bbox 79 2226 289 2308; x_wconf 84' lang='lat' dir='ltr'><strong>,amiculum“</strong></span> <span class='ocrx_word' id='word_1_160' title='bbox 304 2241 455 2315; x_wconf 69' lang='lat' dir='ltr'><strong>verteret,</strong></span> <span class='ocrx_word' id='word_1_161' title='bbox 476 2255 551 2297; x_wconf 88' lang='lat' dir='ltr'><strong>nam</strong></span> <span class='ocrx_word' id='word_1_162' title='bbox 572 2233 752 2320; x_wconf 85' lang='grc' dir='ltr'><strong>ἐπικάρσιον</strong></span> <span class='ocrx_word' id='word_1_163' title='bbox 772 2253 830 2318; x_wconf 89' lang='lat' dir='ltr'><strong>pre</strong></span> <span class='ocrx_word' id='word_1_164' title='bbox 844 2231 1032 2295; x_wconf 89' lang='lat' dir='ltr'><strong>vestimento</strong></span> <span class='ocrx_word' id='word_1_165' title='bbox 1047 2225 1168 2290; x_wconf 90' lang='lat' dir='ltr'><strong>dictum</strong></span> 
     </span>
     <span class='ocr_line' id='line_1_20' title="bbox 12 2327 1167 2420; baseline -0.001 -29"><span class='ocrx_word' id='word_1_166' title='bbox 12 2338 150 2412; x_wconf 87' lang='lat' dir='ltr'><strong>praeter</strong></span> <span class='ocrx_word' id='word_1_167' title='bbox 176 2329 260 2395; x_wconf 90' lang='lat' dir='ltr'><strong>hunc</strong></span> <span class='ocrx_word' id='word_1_168' title='bbox 285 2330 388 2398; x_wconf 89' lang='lat' dir='ltr'><strong>locum</strong></span> <span class='ocrx_word' id='word_1_169' title='bbox 415 2333 532 2400; x_wconf 82' lang='lat' dir='ltr'><strong>frustra</strong></span> <span class='ocrx_word' id='word_1_170' title='bbox 559 2336 746 2420; x_wconf 82' lang='lat' dir='ltr'><strong>requiras⁴).</strong></span> <span class='ocrx_word' id='word_1_171' title='bbox 799 2332 899 2398; x_wconf 91' lang='lat' dir='ltr'><strong>Vides</strong></span> <span class='ocrx_word' id='word_1_172' title='bbox 927 2352 990 2417; x_wconf 90' lang='lat' dir='ltr'><strong>que</strong></span> <span class='ocrx_word' id='word_1_173' title='bbox 1022 2327 1167 2394; x_wconf 84' lang='lat' dir='ltr'><strong>tendam:</strong></span> 
     </span>
     <span class='ocr_line' id='line_1_21' title="bbox 16 2429 1168 2520; baseline -0.001 -26"><span class='ocrx_word' id='word_1_174' title='bbox 16 2429 277 2518; x_wconf 84' lang='lat' dir='ltr'><strong>Hermonymum</strong></span> <span class='ocrx_word' id='word_1_175' title='bbox 291 2435 490 2500; x_wconf 88' lang='lat' dir='ltr'><strong>incusaturus</strong></span> <span class='ocrx_word' id='word_1_176' title='bbox 512 2459 596 2520; x_wconf 83' lang='lat' dir='ltr'><strong>sum3</strong></span> <span class='ocrx_word' id='word_1_177' title='bbox 619 2437 708 2500; x_wconf 89' lang='lat' dir='ltr'><strong>cuius</strong></span> <span class='ocrx_word' id='word_1_178' title='bbox 727 2457 855 2501; x_wconf 88' lang='lat' dir='ltr'><strong>manum</strong></span> <span class='ocrx_word' id='word_1_179' title='bbox 877 2456 949 2498; x_wconf 91' lang='lat' dir='ltr'><strong>cum</strong></span> <span class='ocrx_word' id='word_1_180' title='bbox 970 2434 1004 2495; x_wconf 94' lang='lat' dir='ltr'><strong>in</strong></span> <span class='ocrx_word' id='word_1_181' title='bbox 1017 2430 1168 2496; x_wconf 87' lang='grc' dir='ltr'><strong>Πολυδεύ-</strong></span> 
     </span>
     <span class='ocr_line' id='line_1_22' title="bbox 19 2533 1168 2624; baseline 0 -28"><span class='ocrx_word' id='word_1_182' title='bbox 19 2553 99 2610; x_wconf 83' lang='grc' dir='ltr'><strong>κους</strong></span> <span class='ocrx_word' id='word_1_183' title='bbox 123 2534 262 2622; x_wconf 88' lang='lat' dir='ltr'><strong>adiecto,</strong></span> <span class='ocrx_word' id='word_1_184' title='bbox 304 2540 407 2620; x_wconf 86' lang='grc' dir='ltr'><strong>είσαγε</strong></span> <span class='ocrx_word' id='word_1_185' title='bbox 434 2539 490 2603; x_wconf 80' lang='grc' dir='ltr'><strong>τὸν</strong></span> <span class='ocrx_word' id='word_1_186' title='bbox 516 2543 608 2605; x_wconf 80' lang='grc' dir='ltr'><strong>θεῖον</strong></span> <span class='ocrx_word' id='word_1_187' title='bbox 635 2538 732 2603; x_wconf 88' lang='lat' dir='ltr'><strong>inlato</strong></span> <span class='ocrx_word' id='word_1_188' title='bbox 760 2535 1077 2624; x_wconf 84' lang='lat' dir='ltr'><strong>deprehenderimus,</strong></span> <span class='ocrx_word' id='word_1_189' title='bbox 1112 2533 1168 2597; x_wconf 89' lang='lat' dir='ltr'><strong>vix</strong></span> 
     </span>
     <span class='ocr_line' id='line_1_23' title="bbox 10 2637 1168 2730; baseline 0.002 -33"><span class='ocrx_word' id='word_1_190' title='bbox 10 2637 234 2722; x_wconf 75' lang='lat' dir='ltr'><strong>=repugnabis,</strong></span> <span class='ocrx_word' id='word_1_191' title='bbox 269 2641 297 2703; x_wconf 87' lang='lat' dir='ltr'><strong>si</strong></span> <span class='ocrx_word' id='word_1_192' title='bbox 330 2637 461 2725; x_wconf 68' lang='lat' dir='ltr'><strong>devellor</strong></span> <span class='ocrx_word' id='word_1_193' title='bbox 492 2642 568 2722; x_wconf 85' lang='grc' dir='ltr'><strong>μετὰ</strong></span> <span class='ocrx_word' id='word_1_194' title='bbox 598 2642 694 2730; x_wconf 92' lang='grc' dir='ltr'><strong>γάρου</strong></span> <span class='ocrx_word' id='word_1_195' title='bbox 729 2662 840 2724; x_wconf 82' lang='lat' dir='ltr'><strong>„avem</strong></span> <span class='ocrx_word' id='word_1_196' title='bbox 874 2638 1074 2725; x_wconf 84' lang='lat' dir='ltr'><strong>linquamen“</strong></span> <span class='ocrx_word' id='word_1_197' title='bbox 1108 2656 1168 2722; x_wconf 89' lang='lat' dir='ltr'><strong>pre</strong></span> 
     </span>
     <span class='ocr_line' id='line_1_24' title="bbox 10 2730 1169 2830; baseline 0.002 -29"><span class='ocrx_word' id='word_1_198' title='bbox 10 2730 157 2825; x_wconf 78' lang='grc' dir='ltr'><strong>ίάρμενον</strong></span> <span class='ocrx_word' id='word_1_199' title='bbox 185 2742 263 2821; x_wconf 87' lang='grc' dir='ltr'><strong>μετά</strong></span> <span class='ocrx_word' id='word_1_200' title='bbox 291 2742 386 2830; x_wconf 87' lang='grc' dir='ltr'><strong>γάρου</strong></span> <span class='ocrx_word' id='word_1_201' title='bbox 422 2764 536 2829; x_wconf 85' lang='lat' dir='ltr'><strong>„cyma</strong></span> <span class='ocrx_word' id='word_1_202' title='bbox 566 2764 639 2807; x_wconf 89' lang='lat' dir='ltr'><strong>cum</strong></span> <span class='ocrx_word' id='word_1_203' title='bbox 670 2741 860 2829; x_wconf 85' lang='lat' dir='ltr'><strong>liquamine“</strong></span> <span class='ocrx_word' id='word_1_204' title='bbox 899 2742 966 2806; x_wconf 89' lang='lat' dir='ltr'><strong>eius</strong></span> <span class='ocrx_word' id='word_1_205' title='bbox 997 2738 1169 2824; x_wconf 80' lang='grc' dir='ltr'><strong>διορθώσει</strong></span> 
     </span>
     <span class='ocr_line' id='line_1_25' title="bbox 10 2839 1169 2932; baseline 0.004 -30"><span class='ocrx_word' id='word_1_206' title='bbox 10 2858 82 2904; x_wconf 73' lang='lat' dir='ltr'><strong>enos</strong></span> <span class='ocrx_word' id='word_1_207' title='bbox 104 2839 220 2908; x_wconf 89' lang='lat' dir='ltr'><strong>debere</strong></span> <span class='ocrx_word' id='word_1_208' title='bbox 242 2844 468 2928; x_wconf 72' lang='lat' dir='ltr'><strong>contenderim,</strong></span> <span class='ocrx_word' id='word_1_209' title='bbox 495 2867 688 2932; x_wconf 82' lang='lat' dir='ltr'><strong>quamquam</strong></span> <span class='ocrx_word' id='word_1_210' title='bbox 709 2843 795 2910; x_wconf 89' lang='lat' dir='ltr'><strong>haud</strong></span> <span class='ocrx_word' id='word_1_211' title='bbox 814 2845 925 2929; x_wconf 79' lang='lat' dir='ltr'><strong>ignore</strong></span> <span class='ocrx_word' id='word_1_212' title='bbox 948 2841 1089 2930; x_wconf 77' lang='grc' dir='ltr'><strong>ὀρνίθιον</strong></span> <span class='ocrx_word' id='word_1_213' title='bbox 1110 2840 1169 2907; x_wconf 88' lang='lat' dir='ltr'><strong>sal·</strong></span> 
     </span>
     <span class='ocr_line' id='line_1_26' title="bbox 15 2945 492 3013; baseline 0.017 -9"><span class='ocrx_word' id='word_1_214' title='bbox 15 2948 90 3006; x_wconf 84' lang='lat' dir='ltr'><strong>=tem</strong></span> <span class='ocrx_word' id='word_1_215' title='bbox 112 2945 142 3008; x_wconf 90' lang='lat' dir='ltr'><strong>ei</strong></span> <span class='ocrx_word' id='word_1_216' title='bbox 163 2945 363 3011; x_wconf 88' lang='lat' dir='ltr'><strong>scribendum</strong></span> <span class='ocrx_word' id='word_1_217' title='bbox 385 2947 492 3013; x_wconf 84' lang='lat' dir='ltr'><strong>fuisse.</strong></span> 
     </span>
    </p>

    <p class='ocr_par' dir='ltr' id='par_1_3' title="bbox 10 3039 1169 3442">
     <span class='ocr_line' id='line_1_27' title="bbox 10 3039 1169 3135; baseline 0.002 -26"><span class='ocrx_word' id='word_1_218' title='bbox 10 3039 16 3079; x_wconf 75' lang='lat'>⁵</span> <span class='ocrx_word' id='word_1_219' title='bbox 107 3045 298 3133; x_wconf 84' lang='lat' dir='ltr'><strong>Priusquam</strong></span> <span class='ocrx_word' id='word_1_220' title='bbox 326 3049 368 3113; x_wconf 87' lang='lat' dir='ltr'><strong>ad</strong></span> <span class='ocrx_word' id='word_1_221' title='bbox 395 3073 497 3115; x_wconf 90' lang='lat' dir='ltr'><strong>meam</strong></span> <span class='ocrx_word' id='word_1_222' title='bbox 530 3050 726 3135; x_wconf 85' lang='lat' dir='ltr'><strong>provinciam</strong></span> <span class='ocrx_word' id='word_1_223' title='bbox 754 3047 948 3114; x_wconf 87' lang='lat' dir='ltr'><strong>-lexicon</strong></span> <span class='ocrx_word' id='word_1_224' title='bbox 976 3071 1035 3134; x_wconf 89' lang='lat' dir='ltr'><strong>per</strong></span> <span class='ocrx_word' id='word_1_225' title='bbox 1063 3049 1169 3134; x_wconf 82' lang='lat' dir='ltr'><strong>capita</strong></span> 
     </span>
     <span class='ocr_line' id='line_1_28' title="bbox 26 3141 1168 3239; baseline 0.004 -28"><span class='ocrx_word' id='word_1_226' title='bbox 26 3141 192 3212; x_wconf 85' lang='lat' dir='ltr'><strong>decurrens</strong></span> <span class='ocrx_word' id='word_1_227' title='bbox 207 3188 249 3198; x_wconf 89' lang='lat'>—</span> <span class='ocrx_word' id='word_1_228' title='bbox 262 3151 421 3235; x_wconf 86' lang='lat' dir='ltr'><strong>accedam,</strong></span> <span class='ocrx_word' id='word_1_229' title='bbox 443 3175 547 3238; x_wconf 86' lang='lat' dir='ltr'><strong>pauca</strong></span> <span class='ocrx_word' id='word_1_230' title='bbox 560 3152 796 3239; x_wconf 86' lang='lat' dir='ltr'><strong>praemonenda</strong></span> <span class='ocrx_word' id='word_1_231' title='bbox 817 3151 856 3218; x_wconf 90' lang='lat' dir='ltr'><strong>de</strong></span> <span class='ocrx_word' id='word_1_232' title='bbox 878 3151 1081 3237; x_wconf 86' lang='lat' dir='ltr'><strong>praefationis</strong></span> <span class='ocrx_word' id='word_1_233' title='bbox 1095 3149 1168 3215; x_wconf 92' lang='lat' dir='ltr'><strong>inde</strong></span> 
     </span>
     <span class='ocr_line' id='line_1_29' title="bbox 25 3248 1168 3337; baseline 0.002 -24"><span class='ocrx_word' id='word_1_234' title='bbox 25 3271 45 3313; x_wconf 82' lang='lat' dir='ltr'><strong>a</strong></span> <span class='ocrx_word' id='word_1_235' title='bbox 66 3248 122 3314; x_wconf 86' lang='grc' dir='ltr'><strong>σὺν</strong></span> <span class='ocrx_word' id='word_1_236' title='bbox 143 3249 247 3332; x_wconf 76' lang='grc' dir='ltr'><strong>ἀγαθῇ</strong></span> <span class='ocrx_word' id='word_1_237' title='bbox 270 3253 345 3336; x_wconf 88' lang='grc' dir='ltr'><strong>τάχη</strong></span> <span class='ocrx_word' id='word_1_238' title='bbox 366 3253 409 3318; x_wconf 90' lang='lat' dir='ltr'><strong>ad</strong></span> <span class='ocrx_word' id='word_1_239' title='bbox 430 3251 451 3319; x_wconf 83' lang='grc' dir='ltr'><strong>ά</strong></span> <span class='ocrx_word' id='word_1_240' title='bbox 470 3254 700 3337; x_wconf 76' lang='grc' dir='ltr'><strong>ὑποτεταγμένα</strong></span> <span class='ocrx_word' id='word_1_241' title='bbox 727 3257 786 3320; x_wconf 83' lang='grc' dir='ltr'><strong>εἰσί</strong></span> <span class='ocrx_word' id='word_1_242' title='bbox 813 3279 833 3320; x_wconf 89' lang='lat' dir='ltr'><strong>a</strong></span> <span class='ocrx_word' id='word_1_243' title='bbox 857 3253 1010 3319; x_wconf 87' lang='lat' dir='ltr'><strong>Vulcanio</strong></span> <span class='ocrx_word' id='word_1_244' title='bbox 1039 3273 1168 3337; x_wconf 89' lang='lat' dir='ltr'><strong>prorsus</strong></span> 
     </span>
     <span class='ocr_line' id='line_1_30' title="bbox 24 3353 1169 3442; baseline 0 -26"><span class='ocrx_word' id='word_1_245' title='bbox 24 3360 150 3438; x_wconf 82' lang='lat' dir='ltr'><strong>spretae</strong></span> <span class='ocrx_word' id='word_1_246' title='bbox 177 3353 282 3420; x_wconf 92' lang='lat' dir='ltr'><strong>indole</strong></span> <span class='ocrx_word' id='word_1_247' title='bbox 308 3366 403 3442; x_wconf 88' lang='lat' dir='ltr'><strong>atque</strong></span> <span class='ocrx_word' id='word_1_248' title='bbox 432 3357 571 3423; x_wconf 89' lang='lat' dir='ltr'><strong>consilio.</strong></span> <span class='ocrx_word' id='word_1_249' title='bbox 614 3359 693 3423; x_wconf 90' lang='lat' dir='ltr'><strong>Tres</strong></span> <span class='ocrx_word' id='word_1_250' title='bbox 720 3356 794 3423; x_wconf 93' lang='lat' dir='ltr'><strong>libri</strong></span> <span class='ocrx_word' id='word_1_251' title='bbox 818 3358 1169 3442; x_wconf 82' lang='lat' dir='ltr'><strong>interpretamentomm</strong></span> 
     </span>
    </p>
   </div>
   <div class='ocr_carea' id='block_1_3' title="bbox 15 3536 1168 4254">
    <p class='ocr_par' dir='ltr' id='par_1_4' title="bbox 20 3536 1167 3711">
     <span class='ocr_line' id='line_1_31' title="bbox 99 3536 1167 3619; baseline 0.005 -29"><span class='ocrx_word' id='word_1_252' title='bbox 99 3542 127 3609; x_wconf 82' lang='lat'><strong>1)</strong></span> <span class='ocrx_word' id='word_1_253' title='bbox 153 3544 194 3596; x_wconf 84' lang='lat' dir='ltr'><strong>cf.</strong></span> <span class='ocrx_word' id='word_1_254' title='bbox 218 3536 304 3597; x_wconf 72' lang='grc' dir='ltr'><strong>ὕπνου</strong></span> <span class='ocrx_word' id='word_1_255' title='bbox 330 3584 336 3598; x_wconf 94' lang='grc'><strong>.</strong></span> <span class='ocrx_word' id='word_1_256' title='bbox 362 3540 472 3616; x_wconf 80' lang='grc' dir='ltr'><strong>ἀνέστην</strong></span> <span class='ocrx_word' id='word_1_257' title='bbox 487 3543 492 3619; x_wconf 96' lang='grc'><strong>1</strong></span> <span class='ocrx_word' id='word_1_258' title='bbox 507 3541 672 3618; x_wconf 85' lang='grc' dir='ltr'><strong>ίιποδεσμίας</strong></span> <span class='ocrx_word' id='word_1_259' title='bbox 688 3544 691 3617; x_wconf 98' lang='grc'><strong>1</strong></span> <span class='ocrx_word' id='word_1_260' title='bbox 708 3547 768 3609; x_wconf 82' lang='grc' dir='ltr'><strong>περὶ</strong></span> <span class='ocrx_word' id='word_1_261' title='bbox 793 3541 840 3598; x_wconf 84' lang='grc' dir='ltr'><strong>τὸν</strong></span> <span class='ocrx_word' id='word_1_262' title='bbox 862 3541 994 3617; x_wconf 81' lang='grc' dir='ltr'><strong>τράχηλον</strong></span> <span class='ocrx_word' id='word_1_263' title='bbox 1009 3541 1012 3614; x_wconf 98' lang='grc'><strong>1</strong></span> <span class='ocrx_word' id='word_1_264' title='bbox 1028 3538 1167 3614; x_wconf 82' lang='grc' dir='ltr'><strong>πειράζωΙ</strong></span> 
     </span>
     <span class='ocr_line' id='line_1_32' title="bbox 20 3629 858 3711; baseline 0.006 -26"><span class='ocrx_word' id='word_1_265' title='bbox 20 3631 116 3696; x_wconf 82' lang='grc' dir='ltr'><strong>ἐπίδος</strong></span> <span class='ocrx_word' id='word_1_266' title='bbox 134 3629 285 3706; x_wconf 85' lang='grc' dir='ltr'><strong>ἐπικάρσιον</strong></span> <span class='ocrx_word' id='word_1_267' title='bbox 301 3634 304 3708; x_wconf 97' lang='grc'><strong>1</strong></span> <span class='ocrx_word' id='word_1_268' title='bbox 322 3632 427 3707; x_wconf 75' lang='grc' dir='ltr'><strong>στήκετε</strong></span> <span class='ocrx_word' id='word_1_269' title='bbox 444 3635 447 3709; x_wconf 95' lang='grc'><strong>1</strong></span> <span class='ocrx_word' id='word_1_270' title='bbox 464 3636 630 3711; x_wconf 84' lang='grc' dir='ltr'><strong>χειρομάγιον</strong></span> <span class='ocrx_word' id='word_1_271' title='bbox 646 3635 649 3710; x_wconf 98' lang='grc'><strong>1</strong></span> <span class='ocrx_word' id='word_1_272' title='bbox 665 3631 858 3709; x_wconf 86' lang='grc' dir='ltr'><strong>νεαράπαατον.</strong></span> 
     </span>
    </p>

    <p class='ocr_par' dir='ltr' id='par_1_5' title="bbox 96 3722 1010 3802">
     <span class='ocr_line' id='line_1_33' title="bbox 96 3722 1010 3802; baseline 0.007 -28"><span class='ocrx_word' id='word_1_273' title='bbox 96 3724 126 3792; x_wconf 75' lang='grc'><strong>21</strong></span> <span class='ocrx_word' id='word_1_274' title='bbox 147 3722 266 3797; x_wconf 77' lang='grc' dir='ltr'><strong>φελόνην</strong></span> <span class='ocrx_word' id='word_1_275' title='bbox 281 3724 285 3799; x_wconf 99' lang='grc'><strong>1</strong></span> <span class='ocrx_word' id='word_1_276' title='bbox 303 3724 481 3783; x_wconf 80' lang='grc' dir='ltr'><strong>ἀσπάσασθαι</strong></span> <span class='ocrx_word' id='word_1_277' title='bbox 496 3727 500 3802; x_wconf 95' lang='grc'><strong>1</strong></span> <span class='ocrx_word' id='word_1_278' title='bbox 516 3725 629 3802; x_wconf 77' lang='grc' dir='ltr'><strong>ξυστράν</strong></span> <span class='ocrx_word' id='word_1_279' title='bbox 645 3726 649 3802; x_wconf 90' lang='grc' dir='ltr'>Ι</span> <span class='ocrx_word' id='word_1_280' title='bbox 665 3725 820 3782; x_wconf 86' lang='grc' dir='ltr'><strong>τάπάπατον</strong></span> <span class='ocrx_word' id='word_1_281' title='bbox 836 3726 840 3800; x_wconf 95' lang='grc'><strong>1</strong></span> <span class='ocrx_word' id='word_1_282' title='bbox 856 3727 881 3780; x_wconf 87' lang='grc' dir='ltr'><strong>τί</strong></span> <span class='ocrx_word' id='word_1_283' title='bbox 901 3724 1010 3798; x_wconf 82' lang='grc' dir='ltr'><strong>στηκεις.</strong></span> 
     </span>
    </p>

    <p class='ocr_par' dir='ltr' id='par_1_6' title="bbox 17 3812 1168 4073">
     <span class='ocr_line' id='line_1_34' title="bbox 97 3812 1168 3894; baseline -0.001 -24"><span class='ocrx_word' id='word_1_284' title='bbox 97 3818 169 3881; x_wconf 78' lang='grc'><strong>3111</strong></span> <span class='ocrx_word' id='word_1_285' title='bbox 191 3821 220 3870; x_wconf 90' lang='lat' dir='ltr'><strong>in</strong></span> <span class='ocrx_word' id='word_1_286' title='bbox 244 3819 346 3893; x_wconf 81' lang='grc' dir='ltr'><strong>κυῆσαι</strong></span> <span class='ocrx_word' id='word_1_287' title='bbox 361 3819 365 3892; x_wconf 97' lang='grc'><strong>1</strong></span> <span class='ocrx_word' id='word_1_288' title='bbox 383 3820 463 3892; x_wconf 83' lang='grc' dir='ltr'><strong>βίβλῳ</strong></span> <span class='ocrx_word' id='word_1_289' title='bbox 479 3817 483 3892; x_wconf 95' lang='grc'><strong>1</strong></span> <span class='ocrx_word' id='word_1_290' title='bbox 501 3817 602 3892; x_wconf 78' lang='grc' dir='ltr'><strong>μήτραν</strong></span> <span class='ocrx_word' id='word_1_291' title='bbox 617 3817 621 3892; x_wconf 95' lang='grc'><strong>1</strong></span> <span class='ocrx_word' id='word_1_292' title='bbox 637 3813 740 3893; x_wconf 78' lang='grc' dir='ltr'><strong>ἢκαρῆν</strong></span> <span class='ocrx_word' id='word_1_293' title='bbox 756 3817 760 3892; x_wconf 92' lang='grc'><strong>1</strong></span> <span class='ocrx_word' id='word_1_294' title='bbox 776 3819 891 3894; x_wconf 80' lang='grc' dir='ltr'><strong>τριχίους</strong></span> <span class='ocrx_word' id='word_1_295' title='bbox 907 3817 910 3892; x_wconf 95' lang='grc'><strong>1</strong></span> <span class='ocrx_word' id='word_1_296' title='bbox 927 3812 1052 3890; x_wconf 78' lang='grc' dir='ltr'><strong>ὅρμηνεν.</strong></span> <span class='ocrx_word' id='word_1_297' title='bbox 1093 3820 1116 3870; x_wconf 90' lang='grc' dir='ltr'>Ρ</span> <span class='ocrx_word' id='word_1_298' title='bbox 1140 3820 1168 3869; x_wconf 86' lang='lat' dir='ltr'><strong>in</strong></span> 
     </span>
     <span class='ocr_line' id='line_1_35' title="bbox 18 3901 1165 3986; baseline 0.003 -28"><span class='ocrx_word' id='word_1_299' title='bbox 18 3901 187 3978; x_wconf 76' lang='grc' dir='ltr'><strong>ὓπεδεαμίας</strong></span> <span class='ocrx_word' id='word_1_300' title='bbox 204 3908 207 3980; x_wconf 99' lang='grc'><strong>1</strong></span> <span class='ocrx_word' id='word_1_301' title='bbox 224 3909 342 3984; x_wconf 77' lang='grc' dir='ltr'><strong>ἐπέθηκα</strong></span> <span class='ocrx_word' id='word_1_302' title='bbox 358 3910 362 3983; x_wconf 98' lang='grc'><strong>1</strong></span> <span class='ocrx_word' id='word_1_303' title='bbox 378 3909 570 3986; x_wconf 82' lang='grc' dir='ltr'><strong>περεζωσάμην</strong></span> <span class='ocrx_word' id='word_1_304' title='bbox 585 3911 589 3986; x_wconf 94' lang='grc'><strong>1</strong></span> <span class='ocrx_word' id='word_1_305' title='bbox 605 3909 798 3986; x_wconf 88' lang='grc' dir='ltr'><strong>περιτράχηλον</strong></span> <span class='ocrx_word' id='word_1_306' title='bbox 813 3909 818 3984; x_wconf 95' lang='grc'><strong>1</strong></span> <span class='ocrx_word' id='word_1_307' title='bbox 835 3910 935 3966; x_wconf 83' lang='grc' dir='ltr'><strong>ατέκετε</strong></span> <span class='ocrx_word' id='word_1_308' title='bbox 951 3907 955 3982; x_wconf 98' lang='grc'><strong>1</strong></span> <span class='ocrx_word' id='word_1_309' title='bbox 971 3904 1143 3983; x_wconf 84' lang='grc' dir='ltr'><strong>χειράμακτον</strong></span> <span class='ocrx_word' id='word_1_310' title='bbox 1161 3906 1165 3976; x_wconf 96' lang='grc'><strong>1</strong></span> 
     </span>
     <span class='ocr_line' id='line_1_36' title="bbox 17 3996 354 4073; baseline 0.024 -23"><span class='ocrx_word' id='word_1_311' title='bbox 17 3999 131 4070; x_wconf 83' lang='grc' dir='ltr'><strong>ταρίχου</strong></span> <span class='ocrx_word' id='word_1_312' title='bbox 147 3996 152 4071; x_wconf 94' lang='grc'><strong>1</strong></span> <span class='ocrx_word' id='word_1_313' title='bbox 168 4003 291 4073; x_wconf 82' lang='grc' dir='ltr'><strong>τραχίους</strong></span> <span class='ocrx_word' id='word_1_314' title='bbox 309 4007 354 4057; x_wconf 84' lang='lat' dir='ltr'><strong>all.</strong></span> 
     </span>
    </p>

    <p class='ocr_par' dir='ltr' id='par_1_7' title="bbox 15 4089 1168 4254">
     <span class='ocr_line' id='line_1_37' title="bbox 95 4089 1168 4170; baseline -0.004 -23"><span class='ocrx_word' id='word_1_315' title='bbox 95 4089 127 4158; x_wconf 83' lang='lat'><strong>4)</strong></span> <span class='ocrx_word' id='word_1_316' title='bbox 147 4092 187 4148; x_wconf 78' lang='lat' dir='ltr'><strong>Oi.</strong></span> <span class='ocrx_word' id='word_1_317' title='bbox 206 4097 291 4149; x_wconf 86' lang='lat' dir='ltr'><strong>Mont.</strong></span> <span class='ocrx_word' id='word_1_318' title='bbox 310 4099 364 4148; x_wconf 86' lang='grc'><strong>319</strong></span> <span class='ocrx_word' id='word_1_319' title='bbox 385 4097 439 4165; x_wconf 83' lang='grc'><strong>[43]</strong></span> <span class='ocrx_word' id='word_1_320' title='bbox 462 4093 511 4163; x_wconf 82' lang='grc' dir='ltr'><strong>δὸς</strong></span> <span class='ocrx_word' id='word_1_321' title='bbox 527 4093 590 4169; x_wconf 83' lang='grc' dir='ltr'><strong>ἡμῖν</strong></span> <span class='ocrx_word' id='word_1_322' title='bbox 609 4095 761 4170; x_wconf 87' lang='grc' dir='ltr'><strong>ἐπικαρσίαν</strong></span> <span class='ocrx_word' id='word_1_323' title='bbox 779 4119 814 4142; x_wconf 93' lang='lat'><em>=</em></span> <span class='ocrx_word' id='word_1_324' title='bbox 836 4098 888 4165; x_wconf 86' lang='lat' dir='ltr'><strong>,da</strong></span> <span class='ocrx_word' id='word_1_325' title='bbox 907 4097 983 4148; x_wconf 88' lang='lat' dir='ltr'><strong>nobis</strong></span> <span class='ocrx_word' id='word_1_326' title='bbox 1002 4092 1168 4145; x_wconf 80' lang='lat' dir='ltr'><strong>amiculam“.</strong></span> 
     </span>
     <span class='ocr_line' id='line_1_38' title="bbox 15 4184 1069 4254; baseline 0.002 -18"><span class='ocrx_word' id='word_1_327' title='bbox 15 4184 147 4236; x_wconf 86' lang='lat' dir='ltr'><strong>Ceterum</strong></span> <span class='ocrx_word' id='word_1_328' title='bbox 164 4187 242 4239; x_wconf 84' lang='lat' dir='ltr'><strong>video</strong></span> <span class='ocrx_word' id='word_1_329' title='bbox 261 4191 341 4242; x_wconf 80' lang='lat' dir='ltr'><strong>simili</strong></span> <span class='ocrx_word' id='word_1_330' title='bbox 358 4192 437 4244; x_wconf 87' lang='lat' dir='ltr'><strong>modo</strong></span> <span class='ocrx_word' id='word_1_331' title='bbox 457 4192 490 4243; x_wconf 90' lang='lat' dir='ltr'><strong>de</strong></span> <span class='ocrx_word' id='word_1_332' title='bbox 508 4191 561 4243; x_wconf 87' lang='lat' dir='ltr'><strong>hoc</strong></span> <span class='ocrx_word' id='word_1_333' title='bbox 579 4193 638 4243; x_wconf 87' lang='lat' dir='ltr'><strong>loco</strong></span> <span class='ocrx_word' id='word_1_334' title='bbox 656 4191 801 4242; x_wconf 87' lang='lat' dir='ltr'><strong>iudicatum</strong></span> <span class='ocrx_word' id='word_1_335' title='bbox 820 4205 837 4241; x_wconf 83' lang='lat' dir='ltr'><strong>a</strong></span> <span class='ocrx_word' id='word_1_336' title='bbox 855 4189 963 4240; x_wconf 87' lang='lat' dir='ltr'><strong>Krumb.</strong></span> <span class='ocrx_word' id='word_1_337' title='bbox 983 4186 1016 4238; x_wconf 74' lang='lat'><strong>57</strong></span> <span class='ocrx_word' id='word_1_338' title='bbox 1030 4203 1069 4254; x_wconf 88' lang='lat' dir='ltr'><strong>sq.</strong></span> 
     </span>
    </p>
   </div>
   <div class='ocr_carea' id='block_1_4' title="bbox 0 0 1314 4614">
    <p class='ocr_par' dir='ltr' id='par_1_8' title="bbox 0 0 1314 4614">
     <span class='ocr_line' id='line_1_39' title="bbox 0 0 1314 4614; baseline 0 0"><span class='ocrx_word' id='word_1_339' title='bbox 0 0 1314 4614; x_wconf 95' lang='lat' dir='ltr'><strong> </strong></span> 
     </span>
    </p>
   </div>
  </div>
 </body>
</html>
