2618 4614
570 188 611 252 73

69 387 263 454 rdicaturum
291 392 474 478 sperabam
508 415 590 480 quae
623 414 696 479 spes
726 413 919 478 quamquam
951 414 1003 456 me
1036 389 1163 477 quidem

69 490 131 572 ilit,
159 501 268 557 tamen
289 516 307 559 ε
328 517 362 560 re
384 494 465 560 duco
487 495 527 560 de
550 495 663 561 Galerii
684 495 791 560 verbis
813 495 972 580 copiosius
994 514 1163 580 exponere,

69 618 89 659 n
108 597 237 660 unicum
259 595 336 662 illud
358 598 400 661 sit
426 598 466 664 de
487 597 654 685 Pamphilo
684 597 916 681 testimonium,
947 618 1010 683 quo
1039 596 1079 661 de
1104 596 1164 660 viri

69 696 119 763 iole
147 698 277 784 ingenio
299 699 411 766 studiis
439 702 553 767 certior
573 701 632 765 fias
652 701 791 765 hominis
818 701 948 765 nonita
969 697 1068 764 multo
1090 708 1164 786 post

69 802 158 886 gentis
179 801 307 868 iudicio.
887 825 889 830 ’

103 901 240 969 Galenus
269 905 302 969 in
332 907 437 992 operis
467 909 538 995 περὶ
559 906 699 995 κράσεως
721 908 773 971 καί
795 903 953 986 δυνάμεως
974 909 1036 970 τῶν
1058 903 1165 969 άπλῶν

69 1008 188 1097 ιρμάιιαν
208 1007 291 1073 libro
309 1008 370 1073 VH
390 1040 433 1066 =
454 1011 601 1075 editionis
615 1009 743 1075 Kuehn.
759 1009 809 1072 XI
824 1008 885 1073 792
907 1007 986 1072 haee
1008 1007 1164 1094 disputat:

69 1112 80 1174 ί
102 1111 201 1191 μέντοι
229 1113 282 1176 καί
307 1109 364 1192 τῆν
391 1113 481 1193 τάξιν
502 1110 606 1177 αὐτῶν
634 1112 710 1202 [scil.
733 1117 795 1177 τῶν
816 1110 930 1199 φυτῶν]
958 1115 1014 1191 τῆς
1042 1114 1164 1196 γραφῆς

69 1235 110 1277 ιον
131 1218 243 1301 χρῆναι
269 1213 350 1279 κατά
378 1225 533 1294 στοιχεῖον
561 1215 799 1298 ποιῆσασβαι,.
829 1264 836 1278 .
865 1263 872 1278 .
902 1212 1015 1278 ,οὕτω
1042 1214 1081 1295 δῆ
1111 1215 1165 1278 καί

69 1312 175 1403 ίμφιλος
203 1315 374 1398 ἐποιήσατο
401 1316 458 1399 τῆν
483 1321 554 1406 περὶ
579 1322 641 1384 τῶν
669 1323 808 1402 βοτανῶν
835 1319 1047 1404 πραγματείαν
1070 1368 1077 1381 .
1099 1315 1163 1380 ἀλλ’

69 1426 132 1492 τίνος
164 1419 219 1500 μὲν
246 1421 291 1497 εἰς
317 1442 351 1486 τε
381 1421 501 1502 μύθους
527 1426 631 1509 γραῶν
660 1444 747 1496 τινας
780 1419 965 1509 ἐξετράπετο
997 1421 1050 1483 καί
1077 1440 1164 1493 τινας

69 1523 153 1601 ητείας
167 1522 336 1604 Αἰγυπτίας
356 1524 506 1612 ληρώδεις
528 1523 594 1606 ἅμα
615 1526 695 1590 τισὶν
715 1524 863 1610 ἐπῳδαῖς,
886 1519 925 1599 άς
947 1519 1164 1611 άναιρούμενοι

69 1630 83 1700 λς
92 1624 216 1707 βοτάνας
232 1625 507 1709 ἐπιλέγουσιν.καί
521 1628 561 1709 δῆ
576 1628 721 1714 κέχρηται
736 1624 817 1714 πρὸς
832 1628 991 1713 περίαπτα
1003 1629 1056 1691 καί
1068 1622 1164 1703 άλλας

69 1730 197 1808 ιγγανείας
227 1727 265 1794 ού
293 1730 474 1818 περιέργους
501 1731 605 1814 μόνον,
637 1732 704 1796 οὐδ’
727 1730 786 1810 ἐξω
808 1734 864 1810 τῆς
885 1730 1026 1818 ἰατρικῆς
1047 1730 1163 1811 τέχνης,

69 1828 98 1894 λά
116 1834 167 1896 καί
188 1822 319 1915 ψευδεῖς
335 1831 463 1910 ἁπάσας
478 1882 486 1898 .
501 1833 592 1915 ἡμεῖς
615 1834 650 1898 δέ
672 1830 744 1898 ούτε
762 1831 880 1898 τούτων
902 1831 993 1897 οὐδὲν
1015 1828 1086 1897 οὔτε
1107 1832 1165 1906 τάς

69 1931 132 1998 ύτων
165 1933 211 1999 ἐτι
239 1934 413 2026 [μᾶλλονβῆ
446 1936 597 2023 ληρώδεις
625 1933 882 2024 μεταμορφώσεις
915 1935 1045 2024 ἐροῦμεν
1065 1987 1071 2000 .
1092 1935 1165 2001 οὐδὲ

69 2061 80 2123 ρ
97 2045 162 2114 τοῖς
178 2046 304 2125 μικροῖς
319 2042 408 2104 παισὶ
429 2043 542 2124 κομιδῆ
556 2042 582 2127 ²)
598 2043 767 2128 χρησίμους
786 2041 790 2126 γ
810 2038 1069 2123 ύπολαμβάνομεν
1084 2033 1165 2104 εἶναι

69 2137 91 2216 ig
109 2140 269 2215 τοιούτους
298 2139 428 2225 μύθους,
462 2145 535 2223 μῆτι
562 2164 594 2224 γε
623 2143 662 2223 δὴ
688 2152 758 2219 τοῖς
780 2143 914 2223 μετιέναι
934 2142 1104 2207 σπεύδουσι
1125 2141 1165 2206 τά

69 2267 76 2318 ;
93 2244 231 2333 ἰατρικῆς
254 2243 327 2333 ἐργα
343 2295 350 2310 .
368 2295 375 2310 .
392 2296 399 2311 .
416 2296 423 2311 .
440 2245 457 2310 ὁ
482 2246 516 2310 δέ
537 2268 568 2328 γε
583 2245 745 2332 Πάμφιλος
767 2244 784 2310 ὁ
805 2243 846 2308 τά
862 2246 1010 2333 περὶτῶν
1025 2251 1165 2330 βοτανῶν

69 2349 139 2424 νθείς
160 2342 291 2428 εύδηλός
313 2348 397 2413 ἐστιν
417 2347 477 2436 κᾴξ
500 2346 602 2414 αύτῶν
624 2335 666 2414 ῶν
686 2350 799 2438 γράφει
813 2346 1027 2436 γραμματικὸς
1050 2343 1092 2413 ών
1112 2350 1165 2412 καί

69 2453 91 2514 δ’
105 2449 249 2538 ἑωρακώς
263 2448 321 2525 τάς
336 2452 469 2535 βοτάνας
483 2451 561 2539 ύπὲρ
579 2439 620 2517 ών
635 2452 822 2537 διηγεῖταιῧ)
846 2448 921 2531 μήτε
935 2456 990 2532 τῆς
1006 2452 1165 2531 δυνάμεως

69 2559 118 2617 τῶν
144 2553 379 2641 πεπειραμένος,
410 2550 488 2619 άλλά
514 2563 584 2631 τοῖς
604 2569 608 2638 Ι
627 2553 689 2643 πρὸ
718 2553 814 2619 αὐτοῦ
835 2553 1021 2642 γεγραφόσιν
1048 2552 1166 2619 ἅπασιν

69 2679 92 2719 ιν
104 2657 238 2741 βασάνου
252 2655 459 2731 πεπιστευκώς
475 2709 482 2725 .
499 2643 592 2733 οὗτος
604 2657 658 2737 μέν
670 2657 821 2747 ἐξέγραψε
834 2659 943 2742 βιβλία,
959 2661 1080 2738 πλῆθος
1096 2655 1165 2722 ὀνο-

69 2780 120 2823 τωυ
134 2759 179 2847 ἐφ’
195 2758 311 2842 ἑκάστη
328 2759 441 2844 βοτάνη
458 2758 557 2841 μάτην
572 2763 764 2847 προστιθείς,
788 2754 848 2826 εἶθ’
864 2761 934 2841 έξῆς
956 2761 987 2823 εί
998 2780 1046 2834 τις
1061 2757 1165 2823 αύτῶν

79 2860 242 2950 άνδρώπου
265 2861 492 2949 μετεμορφώθη
509 2864 715 2946 διηγούμενος,
740 2857 807 2927 εἶτα
823 2863 943 2948 ἐπῳδάς
958 2864 1011 2926 καί
1026 2861 1164 2939 σπονδάς

69 2986 164 3042 ,τινας
189 2967 243 3030 καί
270 2965 457 3046 θυμιάματα
479 2975 549 3043 ταῖς
571 2966 622 3032 ἐπὶ
641 2965 759 3031 τούτων
780 2965 813 3030 ἐκ
833 2971 889 3046 τῆς
909 2971 964 3047 γῆς
987 2964 1165 3052 ἀναιρέσεσι

69 3067 233 3155 γοσγράφων,
257 3068 366 3157 ἐτέρας
387 3070 422 3134 δὲ
443 3071 584 3151 γοητείας
607 3068 756 3146 τοιαύτας
778 3069 926 3155 ληρώδεις
949 3121 956 3136 .
979 3067 995 3133 ύ
1020 3068 1054 3133 δὲ
1070 3067 1164 3133 Ἄνα-

69 3167 146 3255 ιρβεύς
163 3173 387 3259 Διοσκουρίδης
404 3171 436 3237 ἐν
454 3172 541 3238 πέντε
563 3175 691 3258 βιβλίοις
707 3175 763 3252 τῆν
785 3172 936 3261 χρῆσιμον
956 3169 1073 3237 ἅπασιν
1091 3170 1166 3252 ύλην

69 3279 152 3354 ’ροβεν
173 3323 306 3339 .....
327 3274 428 3339 ταῦτά
462 3297 495 3339 τε
524 3264 579 3341 οὖν
608 3274 823 3356 ἀναγινώσκειν
849 3272 906 3361 χρῆ
935 3279 987 3339 τὸν
1020 3274 1165 3362 ἐμπειρον

69 3373 160 3440 νέσβαι
179 3374 255 3457 ύλης
270 3376 465 3461 βουλόμενον,
488 3377 533 3444 ἐτι
553 3400 586 3443 τε
609 3377 688 3467 πρὸς
710 3376 834 3451 τούτοις
855 3378 896 3441 τά
914 3376 1164 3466 β’Ἧρακλείδου

69 3477 89 3535 ά
99 3479 280 3564 Ταραντίνου
301 3483 354 3544 καί
372 3489 377 3557 Ι
397 3479 542 3568 Κρατεύα
564 3483 617 3545 καί
638 3484 844 3545 Μαντίου...
862 3529 869 3544 .
892 3478 970 3545 ὥσθ’
987 3479 1049 3566 ὅτῳ
1070 3478 1164 3561 σχολὴ

69 3581 178 3660 γησίμοις
199 3582 319 3663 ὁμιλεῖν
334 3585 461 3668 βιβλίοις
477 3586 548 3673 περὶ
570 3584 743 3671 φαρμάκιον
757 3583 973 3670 γεγραμμένοις
990 3586 1051 3661 ἐχει
1066 3583 1166 3648 πολλὰ

104 3821 125 3888 l)
140 3823 238 3893 μᾶλλον
256 3827 384 3894 supplevi.
423 3828 516 3879 melius
533 3829 646 3879 fortasse
665 3825 873 3899 ληρωδεστέρας.

102 3914 125 3981 2)
140 3915 232 3988 κομιδῆ
251 3919 356 3969 videtur
374 3925 436 3970 ante
454 3919 529 3971 παισί
546 3921 708 3986 ponendum.

102 4007 125 4076 3)
140 4012 190 4061 Hie
208 4011 289 4062 velim
308 4017 411 4077 reputet
429 4029 519 4063 secum
538 4013 629 4076 lector,
648 4029 711 4062 num
729 4029 757 4063 re
776 4029 840 4064 vera
858 4015 893 4064 sit
907 4013 1048 4064 verisimile
1063 4006 1165 4076 εἰκόνας

69 4089 108 4149 ’βυτ
121 4101 202 4155 herbis
222 4103 337 4166 additas,
356 4108 385 4154 ut
403 4105 561 4156 Lambe'cius
581 4110 607 4156 εί
625 4106 818 4173 Wesselingr'us
837 4105 1044 4173 spoponderunt.
