2618 4614
613 267 671 330 101

564 357 712 367 ——-..-

10 450 39 488 ³
75 465 152 549 Quae
179 487 255 531 cum
283 468 329 533 ita
357 469 420 533 sint
448 477 481 534 et
501 469 689 534 cohaereant
714 470 797 533 inter
817 490 851 533 se
873 490 917 533 co.
933 467 1066 552 77-81‚
1093 491 1174 554 quae
1195 492 1216 534 a

10 554 38 661 ‚¹
75 570 173 635 ueteris
202 570 275 636 cibo
302 580 443 657 mymate
469 572 503 636 in
531 574 620 637 initio
649 596 669 637 a
690 594 791 658 coquo
821 572 977 658 promisso
1009 573 1043 635 in
1071 572 1134 636 fine
1162 571 1214 636 de-

74 673 177 758 scripto
208 684 412 760 separantur,
442 677 580 762 suspicio
608 676 729 760 gravia,
756 696 852 760 quam
878 672 960 738 ultro
987 675 1087 739 movit
1108 674 1215 760 dispu-

73 776 188 841 tationis
213 776 416 843 doctissimae
437 780 527 860 ratio,
551 778 754 843 corroborata
775 784 823 841 est
836 775 915 842 haec
928 778 1034 863 capita
1055 800 1117 861 „ex
1132 799 1215 841 com·

10 891 37 969 J
73 881 256 945 mentatione
284 880 324 944 de
353 882 462 967 coquis
490 880 542 945 vel
571 903 612 945 ex
642 903 737 967 opere
764 879 969 967 culinario¹)“
993 879 1034 945 ab
1049 881 1213 945 Athenaeo

10 973 37 1003 '⁴'
72 985 253 1069 transcripta
274 1005 352 1048 esse.
397 983 462 1048 Sed
483 983 566 1049 ultra
587 983 737 1070 progredi
758 982 844 1047 licet:
870 982 991 1068 grande
1011 984 1096 1048 enim
1118 982 1214 1047 Athe-

26 1068 38 1105 i
73 1087 160 1153 rionis
181 1086 409 1173 fragmentum,
437 1095 551 1173 poetae
578 1087 702 1152 mediae
723 1086 774 1151 vel
794 1109 896 1151 novae
918 1085 1089 1170 comodiae,
1119 1109 1214 1172 quem

10 1176 37 1261 ‚¹³³
73 1211 139 1255 unus
170 1211 237 1254 uno
259 1188 320 1254 hoc
344 1189 413 1253 loco
441 1198 667 1254 commemorat
687 1188 870 1254 Athenaeus
880 1196 917 1273 ²),
944 1189 1044 1254 Iubae
1065 1188 1214 1254 debetur:

10 1274 38 1383 *is
72 1290 215 1374 ’thurios
243 1292 275 1358 ἐν
297 1293 511 1379 Σαμόθρᾳξιν,
542 1290 583 1366 ὥς
610 1312 703 1379 φησιν
724 1290 828 1377 Ἰόβας
851 1290 975 1381 [660e].
1018 1291 1096 1376 Egit
1117 1292 1215 1376 igitur

72 1397 261 1482 ἰοθεατρικῇ
277 1397 402 1483 ἱστορίᾳ
423 1396 505 1460 Iuba
519 1394 559 1459 de
575 1395 757 1461 comoediae
772 1395 898 1460 Atticae
913 1395 1032 1481 coquis,
1055 1417 1114 1459 nec
1135 1404 1213 1481 puto

10 1503 37 1527 '²
72 1497 281 1564 oblocuturum
304 1520 511 1584 quemquam,
541 1500 568 1562 si
590 1499 735 1585 suspicor
754 1497 848 1585 plura
867 1498 927 1562 hoc
947 1497 1016 1562 loco
1038 1521 1080 1562 ex
1101 1497 1213 1562 eodem

10 1582 36 1620 ³
69 1604 213 1689 scriptore
242 1600 410 1667 abstulisse
437 1600 653 1684 Athenaeum
693 1599 780 1665 velut
809 1602 903 1666 6600
934 1623 1101 1666 censorum
1131 1623 1214 1665 com-

68 1706 247 1770 memoratio
278 1703 437 1769 hominem
465 1704 586 1769 Romae
613 1712 774 1769 versatum
807 1705 900 1789 sapit.
948 1703 1065 1768 Utrum
1097 1704 1213 1786 omnia,

10 1799 34 1893 h'
66 1830 137 1895 quae
158 1808 204 1873 ab
226 1808 269 1872 in.
293 1829 318 1872 c.
335 1806 374 1870 77
396 1829 497 1893 usquo
520 1807 562 1871 ad
582 1808 636 1872 fin.
659 1830 685 1872 c.
702 1807 740 1873 81
764 1807 927 1891 leguntur,
960 1805 1060 1872 Iubae
1089 1808 1152 1872 sint
1173 1830 1215 1871 an

16 1988 28 1999 ἱ
64 1911 135 1977 alius
162 1913 305 1977 auctoris
328 1910 380 1976 vel
399 1911 500 1997 ipsius
523 1909 678 1975 Athenaei
697 1908 797 1974 verba
818 1910 1011 1991 intermixta,
1038 1951 1081 1958 -
1107 1933 1215 1996 quam-

61 2037 151 2103 quam
175 2038 230 2080 me
251 2013 355 2078 iudice
376 2015 445 2078 veri
466 2023 514 2078 est
533 2011 735 2095 simillimum,
759 2014 814 2098 qui
828 2012 1041 2078 Athenionem
1055 2013 1214 2099 apposuit,

59 2140 127 2184 eum
147 2141 194 2182 ne
214 2115 362 2182 Alexidis
384 2115 506 2182 Cratini
528 2115 721 2201 Antiphanis
743 2115 910 2179 Menandri
931 2115 1063 2180 Batonis
1085 2115 1213 2201 quidem

10 2210 16 2229 ³
55 2220 91 2287 de
120 2219 240 2286 eadem
270 2242 304 2285 re
332 2220 512 2284 testimonia
541 2218 679 2284 voluisse
707 2219 880 2304 praeterire
903 2256 942 2265 —
964 2217 1023 2282 hoc
1043 2239 1130 2282 nunc
1150 2240 1214 2282 non

53 2324 157 2409 magis
184 2344 271 2405 curo,
294 2345 390 2408 quam
412 2346 483 2388 eam
506 2323 732 2408 quaestionem,
754 2330 862 2384 utrum
883 2321 965 2386 luha
985 2328 1084 2385 totam
1107 2320 1214 2407 dispu-

50 2428 211 2493 tationem
241 2427 371 2512 proprio
400 2426 502 2490 Marte
531 2424 711 2505 absolverit,
737 2425 784 2488 ita
811 2432 847 2487 ut
867 2422 1092 2510 Aristophanis
1114 2424 1213 2511 Chry-

48 2529 138 2617 sippi
162 2525 302 2592 Clidemi
327 2528 397 2614 ipse
426 2530 627 2615 conquireret
654 2528 845 2607 testimonia,
873 2548 914 2589 an
940 2549 1018 2591 usus
1041 2528 1081 2591 sit
1103 2550 1213 2592 eorum

44 2629 157 2714 hhris,
197 2631 252 2717 qui
281 2639 354 2696 ante
382 2654 455 2696 eum
487 2631 527 2696 de
557 2630 606 2694 his
635 2628 855 2715 similibusque
883 2630 978 2694 rebus
1012 2630 1087 2695 data
1117 2653 1213 2717 opera

10 2764 12 2787 :
43 2742 233 2800 tractarunt
271 2733 357 2799 velut
388 2734 540 2799 Herodici
577 2731 814 2819 νωμῳδούμενα.
870 2732 973 2797 Vehm
1012 2734 1076 2798 iam
1114 2733 1210 2798 adeas

42 2859 184 2902 mecum
212 2859 238 2902 c.
254 2838 293 2902 81
317 2839 375 2901 in:
407 2837 519 2901 Alexis
542 2858 668 2923 quoque
691 2835 722 2900 ἓν
742 2839 878 2922 Λεβητίῳ
901 2835 994 2900 docet
1014 2844 1113 2901 artem
1136 2835 1210 2899 euli-

38 2941 178 3007 nariam
205 2941 415 3025 ingenuorum
444 2963 529 3023 esse,
559 2942 685 3020 πολίτης
707 2937 765 3027 γάρ
788 2961 834 3013 τις
857 2937 914 3003 οὐκ
937 2937 1047 3020 ἀπινής
1069 2938 1101 3002 ἐν
1124 2937 1207 3026 αὐτῷ

38 3046 213 3110 δείκνυται
228 3041 246 3108 ὁ
263 3043 414 3130 μάγειρος.
437 3044 501 3107 Pro
513 3040 657 3107 versibus
669 3040 833 3106 Alexideis
847 3041 1059 3127 periphrasim
1073 3040 1207 3126 legimus
1265 3055 1271 3066 ‘

36 3148 114 3212 sive
131 3145 180 3211 ab
195 3145 277 3211 Iuba
291 3148 358 3212 sive
373 3146 414 3212 ab
429 3145 593 3211 Athenaeo
610 3146 677 3210 sive
695 3143 736 3209 ab
754 3144 816 3209 alio
831 3144 1022 3209 confectam:
1044 3166 1119 3208 sane
1133 3167 1207 3230 poe-

35 3253 108 3316 tica
125 3256 207 3314 sunt
222 3249 329 3314 verba.
364 3251 452 3326 πίνος
467 3258 514 3314 est
529 3247 638 3313 sordes
653 3256 685 3312 et
699 3246 808 3327 ἀπινής
828 3270 900 3311 oum
915 3270 973 3333 per
988 3269 1021 3312 se
1035 3255 1124 3333 patet
1138 3256 1206 3311 tum

36 3352 175 3420 Suidae
198 3350 234 3440 [s.
250 3351 292 3441 a]
323 3360 355 3417 et
382 3351 578 3436 Theognosti
601 3350 691 3439 [Oen.
713 3351 812 3436 p.44‚
829 3349 879 3438 18]
909 3350 1096 3414 testimoniis
1121 3352 1206 3416 evin-

35 3459 130 3522 citur
161 3454 248 3519 idem
277 3478 346 3520 esse
374 3455 460 3542 quod
488 3453 641 3540 καθαρός,
672 3452 812 3518 sordium
839 3476 949 3540 purus,
980 3451 1204 3541 dattomog³):

124 3721 158 3790 1)
177 3723 221 3773 na
237 3723 313 3788 aapp
333 3705 460 3772 iudicavit
476 3723 494 3771 1.
515 3721 532 3773 1.
555 3719 614 3771 me.
653 3720 686 3771 ef.
706 3718 798 3770 nosue
816 3719 833 3769 1.
853 3720 872 3769 l.
893 3719 917 3768 ο.

122 3818 156 3878 2)
176 3814 210 3866 cf.
228 3813 365 3866 Meineke:
382 3813 442 3866 hist.
462 3815 518 3863 crit.
539 3829 606 3864 com.
626 3812 670 3863 Gr.
691 3811 754 3866 489.

122 3907 156 3973 3)
175 3908 238 3958 Νοο
262 3908 540 3971 enim—puto—qui
564 3910 656 3955 eontra
681 3904 881 3970 disputaverunt
903 3904 1046 3955 Salmasius
1070 3904 1106 3970 [in
1132 3906 1202 3956 notis

41 4003 78 4054 ad
99 3999 216 4052 Tertull.
244 4000 276 4050 do
301 3998 383 4064 pallio
402 4015 428 4064 p.
450 3996 512 4063 233]
539 4002 565 4048 et
589 3997 696 4048 Ernesti
721 3997 758 4064 [in
783 3998 851 4048 clavi
871 3997 990 4048 ciceron.
1011 4015 1033 4050 s.
1052 4015 1078 4049 v.
1098 3991 1202 4060 εὑπινές

41 4112 69 4161 p.
89 4091 159 4158 970]
189 4092 314 4142 audiendi
343 4097 416 4154 sunt3
450 4092 494 4157 qui
522 4106 652 4141 memores
679 4106 759 4141 voces
787 4084 893 4157 οὑπινής
921 4096 948 4139 et
976 4083 1084 4158 ἐμπινής
1113 4090 1201 4141 rheto-

42 4189 119 4238 ricae
152 4186 217 4236 artis
245 4183 376 4236 vocabula
410 4199 467 4234 esse
504 4199 537 4244 „a
564 4185 631 4234 benc
660 4179 762 4233 unctis“
793 4181 836 4231 vol
868 4183 1026 4247 „unguentis
1058 4182 1200 4245 splenden-
