2618 4614
662 261 681 324 8

602 348 745 359 --.

203 463 233 528 6.
276 464 348 547 περὶ
371 466 468 542 μελῶν
490 458 695 549 ἀνθρωπίνων
716 461 756 527 ἀα
778 462 928 526 membris
950 462 1095 527 humanis
1119 465 1152 550 (2

204 566 232 630 7.
277 568 348 652 περὶ
369 568 472 629 ποτῶν
493 562 533 628 de
554 562 737 649 potionibus
759 571 770 647 ί
794 565 817 649 ).

204 669 233 732 8.
278 670 350 753 περὶ
371 668 468 754 κρέως
489 666 530 730 de
551 687 644 730 carne
668 667 727 752 (2).

204 771 233 834 9.
278 772 348 856 περὶ
370 769 518 853 δευτέρας
538 768 692 855 τραπέζης
713 765 752 832 de
775 768 915 832 secunda
936 790 1053 833 mensa.

185 869 233 933 10.
277 873 350 956 περὶ
370 870 486 948 ἰχθύων
508 870 547 935 ἀα
569 870 710 956 piscibus
734 870 793 955 (2).

186 975 235 1035 11.
278 975 351 1060 περὶ
372 972 487 1061 ὀρνέων
509 973 548 1038 ἀα
570 972 682 1038 avibus
706 971 765 1056 (2).

185 1073 234 1139 12.
278 1077 349 1162 περὶ
368 1075 569 1163 τετραπόδων
591 1073 630 1139 de
652 1073 922 1160 quadrupedibus.

15 1296 17 1300 ’
99 1274 179 1340 Apud
197 1281 286 1340 patres
305 1266 453 1341 ὃβιωτικός
468 1270 503 1342 τῷ
517 1266 614 1343 ἀσκητῇ
634 1276 779 1340 oppositus.
818 1269 843 1328 6.
863 1275 923 1344 περὶ
936 1271 1019 1343 μελῶν
1040 1276 1089 1341 „de
1105 1293 1152 1326 me]

99 1366 176 1418 Leid.
197 1365 258 1437 περί
276 1363 359 1434 μελῶν
380 1365 429 1432 „de
449 1367 571 1417 membris
589 1363 727 1416 humanis“
747 1367 831 1416 Mont.
875 1361 900 1417 7.
920 1366 979 1435 aspi
1001 1362 1089 1418 πότων
1114 1370 1152 1419 δτι

100 1457 161 1529 περὶ
172 1450 257 1509 πότου
280 1458 329 1524 „de
342 1456 466 1522 potione“
488 1457 578 1523 Steph.
591 1458 626 1508 H.
646 1453 802 1526 περίποτσῐι
821 1457 869 1522 „de
882 1457 1006 1522 potione“
1027 1460 1103 1510 Leid.
1141 1456 1152 1509 i

99 1547 181 1620 κρεῶν
194 1548 284 1614 Steph.
299 1551 324 1598 2.
340 1548 389 1609 „de
403 1548 541 1600 carnibus“
563 1548 654 1614 Steph.
666 1549 704 1599 ΙΙ.
742 1545 769 1601 9.
787 1548 848 1616 περὶ
859 1544 1029 1617 τραγημάτων
1050 1551 1098 1616 „de
1112 1551 1152 1600 bel

101 1640 192 1708 steph.
232 1637 276 1692 12.
293 1639 354 1710 περὶ
372 1637 473 1710 θηρίων
485 1634 655 1709 τετραπόδων
676 1641 724 1706 ¹‚de
738 1641 829 1690 bestiis
844 1639 1072 1706 quadrupedibus“
1087 1643 1150 1691 Mon

100 1729 202 1802 θηρίων
213 1733 262 1798 „de
272 1728 379 1784 bestiis“
392 1731 482 1796 Steph.
514 1727 555 1782 li.
565 1731 627 1801 περί
636 1725 769 1801 ἀγροικίας
780 1732 829 1791 „de
839 1733 1026 1782 rusticatione“
1038 1734 1111 1782 Mon.
1141 1730 1152 1782 l

100 1823 250 1876 holeribus“
263 1822 353 1889 Steph.
363 1823 400 1874 11.
430 1817 472 1875 19.
489 1824 538 1888 „de
548 1825 619 1874 vasis
628 1822 766 1874 fictilibus“
779 1822 868 1887 Steph.
898 1819 941 1874 21.
957 1824 1007 1884 „de
1016 1825 1148 1875 vestibus“

100 1912 144 1968 22.
166 1915 217 1976 „de
235 1917 357 1966 civitate“
377 1915 461 1966 Mont.
508 1909 551 1966 26.
575 1912 754 1984 desipuistis
771 1915 845 1965 Mon.
892 1909 936 1967 27.
959 1915 1020 1983 περὶ
1038 1913 1152 1986 σιδηρῶν

101 2007 192 2075 Steph.
231 2003 276 2058 28.
296 2005 356 2075 περὶ
373 1999 507 2068 πλεύσειας
526 2006 615 2072 Steph.
631 2007 672 2058 Ή.
710 2001 753 2057 29.
774 2001 873 2074 ἰατρική
898 2006 988 2072 Steph.
1025 2002 1070 2058 30.
1089 2008 1149 2078 περί

99 2097 171 2162 τείας
191 2098 280 2166 Steph.
318 2092 363 2148 32.
381 2097 441 2166 περὶ
459 2095 560 2167 ζῳδίων
579 2091 611 2166 ιβ’
634 2099 682 2158 „de
702 2099 785 2163 signis
804 2098 873 2147 XII“
893 2098 968 2148 Leid.
1006 2099 1039 2147 ln
1058 2101 1141 2149 Mont.

99 2187 229 2260 περὶτῶν
247 2186 281 2239 lB
299 2186 400 2258 ζῳδίων
419 2183 484 2258 μετὰ
504 2183 649 2257 ἐξηγήσεως
670 2190 720 2250 „de
733 2189 873 2240 duodecim
892 2191 975 2255 signis
994 2206 1053 2240 cum
1068 2197 1152 2240 narrat

100 2297 124 2334 c.
143 2283 180 2335 V:
210 2275 250 2332 lB'
269 2275 353 2351 ζῴδια
381 2281 539 2342 „duodecim
558 2281 661 2345 signa“‚
682 2281 725 2330 cui
743 2281 818 2332 titulo
838 2298 893 2331 non
911 2282 1056 2346 respondet
1075 2288 1152 2346 caput

98 2376 187 2441 potius
212 2373 364 2424 referendus
390 2375 483 2439 capitis
509 2372 629 2424 anteced.
655 2374 709 2422 tit:
737 2373 798 2442 περὶ
816 2364 919 2443 ἀστρων
939 2367 1067 2443 οὐρανίων
1094 2374 1143 2433 „de

100 2466 283 2532 caelestibus“,
304 2481 381 2532 quem
395 2465 465 2531 quod
478 2480 549 2515 nunc
561 2479 625 2529 prae
645 2480 673 2514 se
690 2464 742 2514 fert
760 2470 840 2532 caput
860 2466 909 2531 „de
926 2463 1017 2516 caelo“
1039 2470 1086 2515 est.
1123 2460 1152 2515 34

98 2552 205 2628 τρόπων
219 2557 268 2618 „de
278 2557 409 2607 moribus“
425 2555 515 2622 Steph.
544 2550 589 2606 35.
601 2555 662 2625 περὶ
675 2549 779 2624 φύσεως
794 2557 844 2617 „de
853 2555 964 2607 natura“
978 2558 1054 2608 Leid.
1068 2554 1128 2625 aspi
1142 2573 1152 2623 ρ

7 2699 8 2702 ,
100 2643 223 2717 σωματος
238 2642 407 2718 ἀνθρωπίνου
428 2646 478 2713 „de
491 2652 586 2697 nutura
599 2648 715 2712 corporis
728 2646 851 2698 humani“
866 2650 950 2700 Mont.
987 2643 1032 2699 37.
1054 2648 1152 2712 „depe

99 2741 178 2792 Leid.
220 2735 264 2794 38.
284 2740 327 2790 De
345 2739 436 2802 rebus,
463 2753 530 2805 quae
556 2738 591 2788 ad
615 2738 734 2789 scholam
758 2741 906 2804 pertinent,
931 2740 1012 2791 habes
1031 2742 1059 2789 in
1077 2739 1152 2789 Mont

101 2828 286 2883 διδασκαλείων
319 2831 369 2896 „de
392 2830 454 2881 ludo
479 2828 621 2881 litterario“
651 2835 678 2880 et
702 2830 764 2900 περὶ
786 2829 929 2899 εἰσαγωγῆς
953 2829 1044 2900 τέχνης
1069 2846 1152 2899 γραμμ

101 2923 153 2991 „de
170 2923 342 2974 instructione
361 2923 424 2972 artis
441 2918 656 2988 grammaticae“‚
675 2923 702 2971 in
717 2921 807 2988 Steph.
820 2921 881 2991 περὶ
893 2921 1052 2992 φιλοφανιων
1073 2922 1121 2986 „de
1135 2933 1152 2971 sl

102 3014 177 3082 [corr.
204 3012 371 3084 φιλοπανιῶν]
393 3019 420 3064 et
437 3013 498 3083 περὶ
515 3007 672 3082 γραμμάτων
695 3010 866 3075 διδασκαλίας
887 3014 936 3079 „de
955 3015 1016 3064 ludo
1036 3014 1152 3063 litteram

101 3121 129 3158 π.
148 3093 196 3157 'eid
215 3120 238 3158 τ.
256 3121 305 3175 γρ.,
328 3106 357 3155 in
375 3105 452 3156 Leid.
470 3104 532 3175 περί
550 3101 710 3174 φιλοπονιῶν
735 3106 784 3170 „de
804 3104 923 3170 studiis“‚
948 3108 976 3155 in
994 3106 1067 3155 Mon.
1087 3104 1148 3173 περὶ

103 3191 190 3266 μιίτων
218 3193 389 3259 διδασκαλίας
424 3197 473 3262 ¹‚de
501 3196 564 3247 ludo
592 3195 764 3248 litterarum“.
803 3224 837 3232 -
874 3198 926 3247 Hic
953 3198 1066 3247 fortasse
1095 3196 1152 3245 add

102 3291 198 3356 capitis
217 3287 277 3359 περὶ
293 3284 414 3356 τεχνιτῶν
433 3281 555 3356 ὀνόματα
573 3290 602 3338 in
619 3289 712 3349 Mont.,
731 3287 792 3358 περί
803 3281 908 3358 τρόπων
924 3282 1097 3358 ἀνθρωπίνων
1115 3288 1143 3336 in

102 3387 129 3433 et
148 3380 239 3448 Steph.
258 3379 446 3431 elementorum
465 3379 584 3431 ordinem
603 3381 691 3446 sequi:
714 3378 834 3448 τεχνιτῶν
852 3374 971 3449 ὀνόματα
995 3379 1068 3430 nulla
1092 3378 1144 3428 nisi

101 3474 189 3524 littera
214 3477 349 3538 respecta;
373 3486 402 3524 π.
425 3465 531 3541 τρόπων
556 3464 636 3542 ἀνθρ.
661 3473 690 3523 in
714 3473 797 3523 Mont.
823 3473 957 3523 nonnullis
985 3472 1102 3537 exceptis
1130 3497 1152 3507 -

102 3565 187 3616 solum
207 3565 369 3630 synonymis,
388 3579 455 3630 quae
474 3579 523 3628 per
538 3579 566 3614 se
579 3572 641 3615 sunt
656 3563 814 3630 excipienda
828 3592 860 3600 —
875 3564 992 3615 secunda
1004 3578 1108 3628 quoque
1122 3567 1148 3611 et

103 3657 151 3709 sed
179 3656 281 3707 duabus
309 3656 384 3721 quasi
413 3654 542 3704 columnis
571 3654 744 3708 decurrentia.
790 3655 859 3705 Mira
884 3661 924 3706 est
948 3671 990 3706 res
1013 3657 1042 3704 in
1068 3653 1150 3719 Steph

102 3742 221 3819 τρόπων,
246 3748 292 3798 ubi
309 3748 337 3797 in
359 3747 448 3796 latinis
473 3747 639 3811 nominibus,
665 3762 732 3813 quae
757 3746 828 3813 apud
847 3746 937 3813 Steph.
963 3763 1066 3813 semper
1088 3761 1152 3810 prae

103 3856 184 3906 supra
201 3840 307 3902 monui,
331 3838 500 3901 ordinandis,
525 3854 592 3904 quae
612 3839 717 3904 quidem
739 3854 849 3889 revera
873 3838 934 3907 περὶ
952 3830 1056 3908 τρόπων
1075 3831 1152 3906 ἀνθρι

102 3937 179 3992 sunt,
198 3930 366 3996 alphabetum
386 3930 517 3982 Graecum
534 3946 582 3995 pro
602 3946 695 3980 norma
713 3929 832 3982 habitum
850 3930 924 3980 vides
944 3927 989 3996 [cf.
1008 3928 1143 3993 abgde

103 4029 129 4076 et
146 4024 265 4090 inprimis
284 4023 331 4074 lat.
350 4041 368 4076 v
386 4043 422 4066 =
441 4015 473 4073 ob
492 4022 561 4072 inter
579 4037 597 4071 n
616 4025 643 4071 et
660 4019 703 4086 p],
726 4025 851 4071 secuntur
868 4014 988 4087 ὀνόματα
1007 4015 1126 4071 πολιτικά
1147 4040 1152 4071 ι

102 4111 188 4180 γενικά
207 4114 280 4166 nullo
299 4116 400 4168 ordine.
437 4115 506 4166 Num
525 4113 591 4164 haec
610 4113 673 4164 olim
690 4128 785 4180 graece
804 4117 878 4163 erant
897 4114 1014 4178 scripta?
1034 4113 1067 4163 cf.
1089 4110 1152 4164 finer

105 4209 215 4272 „iterum
232 4221 293 4277 περι
312 4201 441 4276 ίχθιίων“ι
459 4202 556 4268 λανδες
576 4201 718 4270 ¹‚glandes“
740 4204 863 4255 videntur
880 4204 971 4255 fuisse.
