2618 4614
533 222 680 318 ,4,3,

20 431 147 488 terram
178 423 407 488 descendimus.
455 424 508 489 De
534 422 696 491 elementis
723 447 826 489 sermo
856 423 999 511 (XXH);
1032 432 1180 488 secuntur

22 534 198 590 ventorum
217 525 371 613 (XXHI),
394 528 528 591 marium
545 528 698 615 (XXIV),
722 551 877 615 aquarum
898 526 1037 591 dulcium
1054 525 1179 613 (XXV)

23 626 183 708 ὀνόματα.
219 629 304 692 Hinc
318 652 368 694 res
382 629 540 695 humanae
555 639 684 696 sumunt
703 632 844 695 initium:
866 629 1010 695 membra
1025 628 1179 716 (XXVI),

22 739 151 796 aetates
166 730 335 816 (XXVII),
358 754 462 797 mores
479 732 668 820 (XXVIII),
689 742 803 799 natura
825 732 970 821 (XXIX)
994 740 1180 796 enarrantur

23 843 57 899 et
72 832 306 898 describuntur.
344 833 501 899 Secuntur
522 834 637 922 quibus
659 835 801 901 homines
816 837 898 900 inter
912 858 946 900 se
962 844 1181 900 conectuntur:

23 937 268 1002 matrimonium
290 936 418 1023 (XXX)
448 947 480 1002 et
507 938 654 1003 adfinitas
681 938 836 1026 (XXXI).
879 938 932 1003 De
958 940 1045 1004 victu
1074 941 1180 1024 agitur

23 1040 177 1127 proxime
205 1041 409 1124 sequentibus
438 1040 585 1127 capitulis
613 1039 965 1129 (XXXH-XXXV);
995 1041 1110 1106 deinde
1140 1043 1179 1106 de

24 1141 220 1208 animalibus
232 1141 529 1230 (XXXVI-XL);
544 1152 613 1208 tum
628 1143 668 1210 de
682 1145 875 1229 agricultura
888 1144 995 1209 herbis
1007 1167 1180 1232 earumque

24 1269 88 1310 usu
105 1244 399 1332 (XLI--XLVH);
421 1245 558 1332 denique
580 1248 664 1312 vitae
685 1247 842 1313 humanae
864 1249 1008 1334 privatae
1024 1247 1180 1338 (XLVIII

23 1348 162 1435 -LVI)
190 1357 222 1413 et
249 1347 396 1434 publicae
425 1348 666 1437 (LVII-LIX)
700 1351 912 1415 institutiones
946 1359 977 1416 et
1005 1359 1179 1438 apparatus

24 1453 93 1516 suis
116 1450 289 1536 generibus
310 1459 551 1537 pertractantur.
594 1452 693 1517 Vides
721 1475 794 1518 eum
821 1454 962 1540 capitum
984 1453 1126 1518 ordinem
1147 1455 1181 1516 in

23 1554 55 1617 N
84 1554 102 1617 I
131 1575 318 1639 expressum
350 1553 500 1641 nulloque
530 1554 599 1619 loco
628 1555 803 1640 turbatum,
832 1579 927 1643 quem
956 1565 1060 1622 cetera
1087 1558 1180 1621 inter-

23 1663 230 1742 pretamenta
244 1664 300 1720 aut
314 1659 417 1721 minus
431 1657 527 1745 [Mon.
539 1658 570 1721 N
580 1658 623 1724 H.
634 1658 735 1747 Laid]
752 1668 807 1725 aut
817 1660 921 1744 magis
934 1659 1043 1748 [Mont.
1057 1658 1178 1746 steph]

24 1759 232 1824 obscuratum
247 1759 415 1845 praebent3
430 1761 519 1824 cuius
534 1768 641 1827 tamen
655 1763 791 1847 vestigia
804 1763 899 1827 etiam
913 1763 946 1825 in
960 1763 1009 1826 his
1025 1770 1181 1848 apparent

22 1859 169 1926 conlecta
190 1884 210 1925 a
230 1885 281 1927 me
302 1863 335 1925 in
357 1864 411 1944 eis,
434 1885 515 1949 quae
536 1886 569 1949 p.
585 1865 604 1929 9
621 1887 667 1950 sq.
690 1865 833 1950 exposui.

113 1963 185 2045 Quo
201 1964 329 2051 quidem
344 1973 530 2050 argumento
545 1968 711 2032 coniuncto
724 1968 862 2051 cumeis,
879 1990 960 2053 quae
971 1991 1012 2033 ex
1023 1967 1180 2054 capitibus

24 2066 220 2153 quibusdam
240 2069 274 2130 in
295 2066 356 2131 alia
376 2067 558 2133 collectione
579 2068 694 2133 additis
716 2071 750 2133 in
771 2070 833 2134 alia
854 2071 981 2134 omnino
1004 2071 1128 2134 omissis
1147 2071 1180 2132 in

23 2171 88 2235 alia
113 2191 185 2234 cum
208 2169 277 2234 aliis
299 2167 521 2255 conglutinatis
543 2171 620 2235 mihi
638 2194 710 2237 meo
724 2173 792 2238 iure
806 2174 894 2236 visus
910 2195 980 2237 sum
996 2173 1179 2257 sumpsisse,

23 2296 132 2338 nonne
161 2272 195 2337 id
222 2281 305 2338 certe
338 2273 473 2337 efficitur
502 2273 533 2336 N
557 2274 574 2338 I
601 2273 736 2339 formam
770 2277 903 2362 propius
929 2274 1041 2340 abesse
1070 2273 1109 2338 ab
1140 2297 1178 2338 eo

24 2374 214 2462 exemplari,
240 2375 282 2439 ad
303 2377 391 2439 cuius
412 2398 556 2440 normam
579 2376 733 2462 glossaria
754 2379 926 2444 secundum
947 2401 999 2443 res
1020 2379 1054 2442 in
1076 2379 1181 2464 capita

24 2480 152 2566 digesta
181 2479 286 2542 omnia
313 2477 447 2543 diversis
474 2478 671 2565 temporibus
704 2480 766 2545 alia
790 2482 862 2567 ipsa
893 2480 955 2546 alia
986 2481 1055 2545 aliis
1087 2482 1180 2545 inter-

24 2580 213 2647 cedentibus
236 2603 388 2667 expressa
408 2581 580 2646 videntur?

110 2683 172 2748 Oui
192 2684 422 2748 ratiocinationi
450 2685 477 2747 si
499 2687 570 2772 quis
597 2684 759 2771 hucusque
787 2694 823 2749 ut
844 2686 1013 2772 spinosiori
1034 2687 1179 2750 minusve

23 2795 129 2852 certae
144 2785 240 2850 fidem
256 2785 429 2871 denegarit,
444 2788 509 2851 iam
527 2811 597 2853 eam
607 2787 849 2873 argumentandi
859 2789 944 2852 viam
954 2787 1179 2873 ingrediamur,

23 2899 60 2954 ut
74 2912 135 2976 per
147 2887 342 2954 Graecorum
357 2898 500 2954 veterum
515 2900 548 2956 et
557 2891 772 2956 Romanorum
784 2891 889 2955 studia
902 2891 1180 2976 grammaticorum

21 2992 162 3078 vestigia
187 3013 433 3078 persequamur,
463 2993 578 3079 quibus
608 3017 646 3059 ea
672 2993 842 3059 verborum
869 2995 980 3080 copiae
1007 2994 1180 3057 secundum

22 3097 172 3161 notiones
201 3092 395 3179 colligendae
424 3103 456 3160 et
483 3097 516 3159 in
543 3097 649 3182 capita
674 3096 864 3181 digerendae
885 3097 966 3161 ratio
988 3097 1178 3182 agnoscitur,

22 3200 114 3263 cuius
138 3199 230 3284 quasi
252 3198 327 3262 ocho
359 3238 397 3248 —
427 3221 620 3286 quamquam
642 3199 818 3264 mehercule
841 3207 891 3262 sat
912 3198 994 3264 clare
1016 3206 1179 3264 sonantem

21 3341 66 3352 -
94 3302 128 3365 in
158 3301 510 3387 interpretamentorum
536 3302 625 3367 libris
654 3300 946 3387 ludimagistrorum
974 3300 1083 3367 sedula
1104 3323 1180 3365 cura

22 3413 185 3469 servatam
197 3403 326 3468 auribus
337 3406 540 3491 percipimus.
563 3405 691 3468 Etenim
703 3427 744 3469 ex
756 3405 800 3468 eis
812 3406 1013 3491 antiquorum
1022 3426 1178 3488 gramma-

21 3509 159 3573 ticorum
183 3507 305 3588 studiis,
328 3506 443 3592 quibus
464 3504 591 3592 linguae
611 3506 751 3572 Graecae
775 3506 935 3594 [deinceps
949 3507 1081 3571 Latinae
1103 3529 1179 3592 quo-

23 3608 98 3697 que]
121 3609 252 3673 nomina
269 3631 373 3694 neque
402 3608 575 3672 secundum
601 3619 745 3674 auctores
769 3607 821 3675 vel
842 3608 990 3675 dialectos
1011 3631 1116 3695 neque
1137 3609 1179 3674 ad

22 3709 253 3775 elementorum
275 3710 426 3795 ordinem,
457 3711 514 3776 sed
535 3710 709 3776 secundum
730 3734 781 3776 res
803 3710 909 3777 verbis
932 3711 1124 3796 significatas
1145 3713 1178 3775 in

23 3813 132 3898 capita
160 3822 373 3877 convocarunt
401 3854 443 3863 —
472 3814 588 3900 quibus
615 3823 798 3898 ventorum,
826 3815 998 3896 mensium,
1026 3822 1176 3898 aetatum,

23 3937 169 3981 escarum
191 3924 222 3980 et
243 3915 393 3980 similium
414 3939 520 3980 rerum
541 3918 671 3982 nomina
690 3919 724 3980 in
745 3918 841 3982 series
857 3927 1090 4004 congesserunt,
1114 3940 1176 4003 quo

23 4017 111 4081 aliud
130 4040 201 4080 cum
221 4017 282 4082 alio
303 4017 415 4083 melius
436 4021 613 4105 comparari
635 4041 946 4107 synonymorumque
966 4021 1177 4107 proprietates

23 4119 169 4205 dignosci
190 4129 330 4206 possent,
359 4162 402 4170 -
431 4144 472 4185 ex
495 4121 544 4184 his
566 4121 636 4186 dico
658 4120 954 4208 lexicographorum
976 4124 1177 4210 antiquorum
