2618 4614
663 234 705 298 52

609 323 758 335 ——ae

107 435 238 503 ναυτικοὶ
269 435 409 516 ὀνόματα
431 437 539 500 —sic
561 436 645 502 dicta
665 477 707 486 -
729 436 816 523 apud
837 436 1034 522 Hesychium
1058 460 1081 502 s.
1102 461 1132 502 v.
1154 444 1232 518 στῆμα

107 550 140 606 et
160 542 299 622 iuivouig
320 562 513 625 comparere.

190 645 331 709 Transeo
347 644 411 706 iam
425 642 467 706 ad
482 665 590 707 earum
604 666 710 708 rerum
726 644 1008 726 denominationes,
1030 665 1112 729 quae
1127 642 1237 708 deorum

107 746 226 810 cultum
240 745 490 832 religionemque
506 755 658 831 spectant.
684 747 803 832 Magna
817 747 868 810 hic
884 747 1019 811 occurrit
1034 747 1237 832 scriptorum)

107 851 180 937 περὶ
200 851 366 935 busirim),
390 851 463 936 usqi
485 851 649 938 ioqudffl),
671 853 744 936 περὶ
765 849 888 932 ἀγώνων
898 851 935 936 ⁴),
959 847 999 913 de
1020 849 1117 914 rebus
1139 849 1237 913 scaeui·

106 953 186 1035 cis⁵)
209 961 345 1036 caterva,
373 953 428 1039 qui
456 961 562 1018 tamen
592 975 656 1017 non
678 955 957 1038 grammaticorum
978 959 1087 1037 partes
1116 961 1237 1036 egerunt,

104 1077 165 1120 nec
184 1077 300 1136 rerum,
327 1078 408 1141 quae
431 1056 472 1120 ad
494 1055 634 1140 singulas
657 1056 789 1120 deorum
811 1054 912 1119 cultus
935 1062 1043 1140 partes
1067 1063 1237 1140 spectarunt,

106 1157 378 1222 denominationes
395 1181 473 1245 quas
488 1157 684 1245 explicarent
697 1158 953 1244 illustrarentque
976 1155 1176 1242 collegerunt,
1197 1156 1237 1221 sed

104 1283 155 1325 res
177 1261 264 1345 ipsas
287 1270 482 1344 enarrarunt,
506 1262 573 1325 sive
594 1263 726 1348 proprio
741 1262 853 1344 Marte,
874 1269 911 1324 ut
924 1259 1140 1324 Dicaearchus
1154 1259 1237 1324 Philo

105 1362 219 1433 chorus
234 1361 296 1446 alii,
320 1364 397 1446 sive,
420 1372 455 1427 ut
470 1371 553 1428 certe
568 1386 619 1428 ex.
636 1387 682 1449 gr.
698 1364 780 1430 Iuba
793 1364 877 1446 fecit,
897 1363 1031 1427 aliorum
1046 1364 1097 1426 usi
1111 1361 1237 1448 dapibus.

103 1466 216 1552 Itaque
249 1465 291 1530 ad
323 1488 377 1531 eos
409 1476 609 1532 recurrerunt
647 1469 714 1532 sine
746 1466 843 1531 dubio
883 1467 1150 1530 onomasticorum
1185 1486 1237 1529 aue

104 1577 197 1652 tores,
219 1570 364 1655 ipsorum
378 1591 454 1633 vero
469 1569 567 1634 libros
590 1571 857 1635 onomasticorum
872 1571 964 1656 quasi
985 1577 1093 1654 partes
1108 1567 1237 1650 iudicare,

103 1673 207 1736 insani
227 1672 309 1737 foret
329 1671 447 1736 iudicii.
487 1672 599 1759 Neque
621 1673 711 1738 aliter
732 1682 816 1737 certe
838 1673 965 1737 fuerunt
978 1673 1116 1736 instituti
1130 1669 1237 1756 Apollo·

104 1775 174 1839 dori
195 1784 226 1840 et
249 1774 373 1840 Seleuci
383 1776 408 1861 6)
431 1778 503 1863 περὶ
523 1780 606 1840 θεῶν
627 1775 709 1860 libri,
731 1799 771 1841 ne
794 1774 983 1840 descendam
1005 1774 1046 1839 ad
1069 1797 1116 1858 ea,
1143 1773 1237 1861 quibus

103 1877 149 1941 nil
170 1878 233 1942 nisi
253 1877 363 1942 titulus
391 1900 463 1942 cum
486 1880 751 1943 onomasticorum
781 1879 972 1965 quibusdam
995 1877 1153 1964 capitibus
1174 1898 1237 1940 com·

103 1981 208 2044 munis
232 1989 289 2044 est.

179 2136 206 2202 1)
228 2136 303 2187 Inter
328 2152 394 2202 quos
422 2153 476 2187 non
502 2153 564 2188 curo
592 2136 725 2187 Oratetem
749 2136 939 2187 Atheniensem
965 2134 1034 2208 [περὶ
1053 2133 1105 2186 τῶν
1124 2129 1237 2204 Ἀθήνασ

104 2225 214 2279 θυσιῶν.
262 2228 346 2279 schol.
374 2229 454 2279 Arist.
484 2245 542 2295 equ.
573 2231 634 2280 715.
673 2229 747 2280 Suid.
776 2245 797 2279 s.
822 2245 848 2280 v.
877 2221 1005 2295 κονήειος.
1034 2228 1118 2280 schol.
1145 2226 1237 2278 Hesiod

103 2319 191 2386 theog.
213 2320 237 2372 6.
267 2320 375 2371 Miiller:
393 2321 442 2387 frg.
458 2320 519 2372 hist.
534 2321 627 2373 Graec.
647 2322 697 2386 III,
714 2319 768 2386 34]‚
788 2336 838 2370 nec
850 2319 1036 2371 Philochorum
1051 2320 1094 2386 [cf.
1110 2321 1180 2372 Suid.
1193 2336 1237 2372 av

103 2411 164 2484 περὶ
182 2408 233 2462 τῶν
246 2405 397 2482 Ἀθήνησιν
417 2406 522 2479 ἂγῶνων
542 2410 631 2483 βιβλία
649 2406 690 2480 ιζ’]
710 2430 760 2464 nee
772 2414 993 2478 Harpocrationis
1007 2429 1028 2463 s.
1042 2430 1067 2463 v.
1082 2411 1170 2483 σκίρον
1181 2413 1237 2464 testi

102 2506 233 2557 monium:
260 2503 326 2575 φασὶ
344 2501 374 2555 δὲ
394 2503 419 2555 οἱ
440 2499 590 2576 γράψαντες
608 2504 667 2578 περί
693 2520 720 2557 τε
746 2504 844 2577 ἑορτῶν
869 2505 913 2557 καὶ
932 2498 1193 2576 μηνῶνἈθήνησιν,
1215 2488 1237 2555 dr

28 2661 30 2664 Ι
102 2593 156 2648 ἐστι
175 2595 220 2649 καὶ
238 2593 418 2665 Λυσιμαχίδης
436 2597 503 2649 alios
521 2598 680 2649 huiusmodi.
821 2581 827 2595 ⁸

177 2688 205 2755 2)
225 2690 306 2741 Velut
325 2687 458 2754 [Dionysii
477 2691 547 2740 enim
566 2688 626 2761 περὶ
646 2685 721 2760 ἱερῶν
733 2687 913 2760 πραγματείαν
926 2691 1027 2740 omitto.
1060 2689 1093 2739 cf.
1109 2690 1181 2741 Suid.
1193 2703 1237 2739 av

104 2775 269 2853 Φιλόχορος7
300 2781 346 2848 qui
375 2797 434 2831 earn
458 2783 487 2832 in
518 2784 661 2848 epitomam
692 2780 802 2846 redegit]
828 2782 1002 2832 Philochorus
1028 2779 1072 2846 [cf.
1097 2781 1170 2833 Suid.
1188 2797 1237 2832 av

104 2873 186 2924 schol.
205 2873 293 2940 Apoll.
312 2874 334 2937 I,
355 2872 417 2924 51⁷.
435 2873 533 2927 Athen.
551 2874 622 2937 XIV,
643 2873 736 2939 oasa]
756 2875 1052 2929 Habron.Atheniensis
1073 2874 1144 2946 [περὶ
1161 2871 1235 2944 ἑορτῶ

103 2964 147 3016 καὶ
170 2961 279 3016 θυσιῶν.
325 2964 415 3030 Steph.
441 2966 504 3031 Bya.
524 2982 546 3016 s.
565 2983 589 3016 v.
618 2958 712 3034 Βὰτη],
738 2967 843 3018 Demon
868 2966 910 3032 [el.
934 2968 1018 3033 Harp.
1046 2972 1073 3017 et
1098 2967 1171 3020 Suid.
1189 2980 1237 3016 ατ

103 3050 258 3128 προκῶνια],
277 3058 432 3108 Ammonius
446 3059 629 3123 Lamptrensis
646 3056 716 3129 [περὶ
735 3055 830 3128 βωμῶν
847 3058 891 3110 καὶ
909 3056 1019 3111 θυσιῶν.
1052 3059 1086 3112 of.
1100 3060 1182 3125 Harp.
1195 3074 1237 3110 as

98 3141 263 3218 Ἀμαζόνιον
282 3154 308 3200 et
326 3149 449 3200 Ammon.
470 3150 503 3200 de
522 3151 576 3202 diff.
600 3144 708 3219 βωμός].

178 3240 208 3307 3)
228 3242 262 3292 cf.
288 3242 401 3292 Hebron
426 3242 596 3293 Atheniensis
629 3259 688 3293 cum
717 3243 860 3308 Apollonio
885 3245 1051 3295 Acharnenei
1080 3243 1172 3311 [Harp.
1191 3256 1237 3294 a!

104 3328 218 3394 πέλανος
237 3333 271 3383 al.
291 3333 368 3384 Phot.
388 3333 440 3384 lex.
460 3352 480 3386 s.
500 3352 524 3386 v.
539 3328 719 3406 Ὓδροφορία]
740 3341 767 3386 et
784 3337 964 3389 Philochorus.

178 3424 208 3489 4)
228 3425 262 3475 ef.
289 3428 334 3493 qui
359 3426 465 3492 quidem
491 3442 507 3476 a
530 3428 725 3493 lexicographis
750 3430 801 3495 ipsi
826 3430 918 3495 procul
946 3429 1075 3480 habendi:
1105 3428 1237 3479 Theodom

105 3517 323 3584 Hieropoliianus
337 3516 441 3584 [Athen.
454 3521 487 3583 X,
497 3519 580 3571 412e.
591 3518 685 3585 413b]‚
700 3520 868 3587 Cleophanes
882 3520 973 3587 [schol.
987 3521 1064 3572 Pind.
1076 3521 1117 3572 01.
1128 3522 1174 3584 IX,
1186 3517 1236 3568 143

105 3610 287 3660 Dicaearchus
305 3611 453 3661 Messenius
474 3611 562 3675 [schol.
582 3613 661 3663 Arist.
680 3629 754 3678 vesp.
777 3613 855 3677 1231,
875 3629 932 3663 ran.
957 3613 1035 3677 1337,
1053 3611 1114 3684 περὶ
1130 3605 1237 3682 μοοσατῶ

107 3694 236 3767 ἀγῶνων],
261 3702 342 3752 Duris
363 3701 480 3768 [Photius
500 3721 520 3754 s.
537 3721 562 3755 v.
577 3703 679 3756 σελίνου
698 3702 835 3775 στέφανος.
864 3707 975 3756 Taetzes
994 3705 1029 3755 ad
1042 3705 1175 3771 Lycophr.
1194 3702 1237 3751 61:

105 3794 199 3859 Apost.
217 3809 291 3859 prov.
310 3794 368 3859 XV,
389 3792 442 3860 37].

181 3884 209 3949 6)
229 3887 296 3937 Iuba
321 3880 456 3958 [θεατρικὴ
484 3885 604 3958 ἱστορία],
631 3888 808 3939 Amaranthus
830 3889 1026 3940 Alexandrinus
1052 3887 1122 3960 [περὶ
1150 3885 1237 3956 σκηνῆν

109 3977 202 4028 Athen.
215 3978 289 4040 VIII,
303 3979 382 4029 343e.
397 3979 429 4043 X,
444 3977 527 4044 414l],
541 3980 638 4030 Nestor
651 3975 789 4052 [θεατρικὰ
800 3974 985 4050 ὑπομνήματα,
1016 3981 1114 4033 Athen.
1124 3982 1158 4042 X,
1168 3983 1237 4031 4152

182 4069 210 4134 6)
230 4069 263 4119 cf.
291 4069 364 4122 Suid.
389 4087 410 4124 s.
437 4088 462 4122 ν.
487 4068 624 4134 Σέλευκος.
671 4073 768 4139 Porph.
795 4074 828 4124 de
852 4074 919 4125 abst.
940 4075 981 4138 ΙΙ,
1003 4073 1037 4122 55
1065 4074 1110 4140 [M.
1131 4068 1237 4126 Schmid

106 4160 200 4214 Philol.
219 4162 270 4226 111,
289 4161 360 4228 436].

22 4294 100 4368 ἱ
