2618 4614
547 199 696 298 -οο-

81 402 251 488 atorum1)
279 400 368 468 libris
397 410 524 489 praeter
550 401 662 487 alios2)
691 423 764 466 eum
786 401 1043 466 Reifferscheidio
1070 401 1198 487 putabis

81 506 233 569 niunetos
254 505 362 587 fuisse,
384 527 457 570 eum
478 504 701 594 [κερίῬώμης]
725 506 874 591 περὶτῶν
896 502 1040 587 ένῬάμῃ
1062 507 1199 585 νομίμων

81 610 97 672 ,ί
109 608 202 688 ἠθῶν
218 611 320 694 βιβλία
337 609 361 694 β’
371 611 409 696 ³),
430 611 570 697 περὶτοῦ
587 607 684 673 κατάε
695 609 854 688 Ρωμαίοος
869 607 1010 672 ἐνιαυτοῦ
1027 610 1143 692 βιβλίον
1159 608 1198 674 α’.

81 735 96 775 ι.
117 710 274 796 I-VHI,
301 719 369 775 tum
398 712 437 775 de
458 711 579 775 naturis
600 711 742 798 rerum4)
764 709 824 792 IX,
855 709 894 774 de
915 711 1036 773 naturis
1058 711 1199 775 animan-

81 816 159 900 im⁵l
174 814 220 898 X,
247 816 319 903 περί
342 813 503 894 ὀνομάτων
524 815 638 902 κυρίων
659 816 712 878 καί
733 813 820 890 ἰδέας
841 811 1026 893 ἐσθημάτων
1047 815 1101 876 καί
1121 812 1197 878 ὑκο-

84 915 191 997 μάτων
207 920 336 982 καὶτῶν
351 913 452 980 άλλων
466 906 516 993 οἷς
530 938 577 991 τις
593 915 797 1003 ἀμφιέννυται
813 915 863 1004 [de
874 938 990 1000 genere
1001 915 1149 1005 vestium]
1160 918 1197 1002 ⁶),

81 1056 82 1073 ι
103 1021 194 1084 vitiis
226 1018 455 1106 corporalibus,
484 1021 556 1108 περὶ
577 1018 746 1105 δνσφήμων
768 1019 878 1097 λέξειαν
903 1015 974 1098 ἤτοι
996 1024 1198 1105 βλασφημιῶν

83 1125 94 1187 ί
115 1123 220 1188 πάθεν
240 1123 364 1204 ἑκάστη.
407 1122 589 1188 Memineris
612 1124 697 1186 enim
718 1123 751 1184 in
772 1121 853 1186 libro
876 1122 916 1185 de
938 1123 1060 1186 naturis
1081 1145 1197 1205 rerum,

117 1359 145 1424 1)
166 1361 200 1410 In
224 1361 376 1412 universum
400 1360 432 1410 ef.
457 1361 490 1411 A.
509 1358 710 1411 Reifferscheid:
736 1359 765 1410 O.
786 1361 906 1411 Suetonii
924 1361 1071 1428 Tranquilli
1094 1367 1199 1428 praeter

81 1449 188 1503 eaerum
208 1453 290 1504 libros
308 1454 444 1519 reliquiae.
491 1454 598 1518 Lipsiae
616 1453 695 1516 1860,
714 1469 740 1518 p.
757 1452 900 1502 147-312
921 1459 947 1504 et
967 1459 1067 1519 quaest.
1089 1455 1197 1507 Sueten.

81 1547 117 1608 ΙΙ,
136 1563 163 1611 p.
180 1546 337 1596 ose-457.
375 1546 416 1596 De
437 1543 552 1610 „pratis“
574 1545 608 1597 cf.
621 1545 739 1595 Isidorus
754 1545 786 1594 de
806 1550 860 1596 nat.
880 1561 929 1596 rer.
944 1561 966 1596 ο.
982 1545 1051 1610 38,1
1074 1551 1100 1596 et
1113 1545 1157 1611 44,
1173 1548 1196 1597 1.

81 1657 83 1689 ;
96 1639 209 1690 Graecis
221 1639 292 1689 hune
304 1638 409 1688 titulum
421 1638 520 1702 primus
534 1642 661 1703 quantum
674 1638 729 1688 scio
743 1638 889 1702 arripuerat
899 1638 999 1689 Cicero.
1033 1639 1065 1690 of.
1077 1638 1198 1690 Suetonii

83 1733 216 1782 .Terent.
237 1747 260 1782 e.
281 1730 308 1780 5:
338 1729 447 1796 „Cicero
470 1730 499 1778 in
517 1730 629 1780 Limone
649 1729 811 1796 [Terentium
831 1729 897 1796 soil]
923 1732 1051 1782 haetenus
1073 1730 1197 1795 laudat“;

81 1829 168 1874 {untur
194 1829 318 1890 quattuor
342 1822 496 1874 hexametri.
533 1839 559 1872 v.
579 1822 655 1873 Reiff.
674 1839 700 1888 p.
721 1822 769 1885 34,
794 1823 895 1874 Ritsohl
918 1824 946 1872 in
965 1829 1106 1874 comment.
1126 1825 1198 1890 apud

81 1916 119 1968 iti.
145 1933 171 1982 p.
193 1917 257 1966 524.
304 1917 377 1966 Inter
401 1915 588 1981 inscriptiones
614 1914 723 1965 Graecis
748 1917 869 1982 proprias
894 1916 974 1966 refert
997 1916 1099 1966 Plinius
1124 1932 1151 1966 n.
1170 1917 1195 1967 h.

81 2008 126 2058 sei.
146 2009 168 2069 β.
190 2007 224 2056 23
239 2024 295 2075 sqq.
314 2037 351 2042 —
369 2008 406 2058 Ut
425 2008 541 2066 eluceat,
568 2012 666 2074 quanta
684 2009 753 2058 inter
772 2009 927 2059 Suetonium
945 2009 1196 2060 Latino-Graecum

82 2105 177 2150 ctorem
198 2105 225 2149 et
244 2099 391 2166 Telephum
404 2099 535 2150 Graecum
548 2100 755 2165 Pergamenum,
779 2103 822 2167 qui
842 2102 942 2152 eisdem
960 2102 1015 2152 fere
1034 2103 1197 2167 temporibus

81 2193 259 2256 remisisse,
286 2193 415 2260 siqnidem
438 2194 496 2258 ipse
515 2208 565 2242 neo
592 2191 659 2242 alius
678 2194 794 2243 nominis
814 2193 931 2243 eiusdem
949 2195 1012 2245 Veri
1031 2195 1196 2260 imperatoris

81 2291 199 2350 aeceptor
223 2285 273 2335 fuit
299 2283 342 2350 [oi.
362 2284 424 2334 Iulii
443 2283 587 2349 Capitolini
607 2285 669 2335 Veri
688 2285 769 2335 vitam
790 2285 834 2335 35.
855 2285 896 2336 ed.
917 2285 1023 2352 Salm.],
1048 2288 1197 2338 intercedat

100 2379 253 2442 scriptorum
278 2377 439 2442 argumentis
463 2376 621 2438 similitudo,
648 2392 680 2425 ex
700 2377 782 2427 Suida
806 2377 884 2427 huius
909 2379 989 2428 libros
1015 2379 1109 2429 allatos
1135 2396 1195 2429 eum

81 2471 163 2519 retonii
183 2469 333 2533 conferam3
359 2475 385 2519 et
404 2461 601 2518 άντιτάσσονται
619 2469 701 2532 pratis
720 2467 838 2537 ποικίλης
858 2467 1034 2539 φιλομαθείας
1055 2468 1141 2538 βιβλία
1161 2466 1194 2540 β’

81 2562 138 2611 -De
161 2560 279 2627 Telepho
305 2562 469 2625 Pergameno
492 2559 608 2610 Pollucis
635 2561 668 2610 de
691 2562 811 2626 iudiciis,
836 2562 952 2627 legibus,
979 2564 1095 2614 moribus
1113 2564 1194 2615 Athe-

82 2655 172 2704 onsium
197 2659 307 2705 auctore
327 2654 360 2706 cf.
379 2655 485 2719 Boysen
507 2652 556 2718 „de
575 2653 796 2718 Harpocrationis
815 2655 895 2705 lexiei
913 2654 1058 2710 fontibus“.
1105 2658 1192 2708 Kiliae

81 2745 124 2808 lid,
142 2764 167 2812 p.
188 2747 223 2796 29
237 2763 277 2813 sq.
297 2744 340 2797 81.

118 2838 144 2899 λ)
162 2840 204 2889 Ita
228 2838 369 2889 undecimo
393 2838 531 2888 Pratorum
556 2839 622 2889 libro
641 2839 830 2890 Reifferscheid
854 2838 1007 2903 herbarum,
1034 2840 1190 2893 duodecimo

81 2930 158 2992 ‚pidum
176 2932 299 2996 nomina,
325 2947 434 2996 quorum
456 2931 561 2998 quidem
581 2947 630 2982 nee
649 2931 710 2981 vola
735 2947 784 2981 nee
803 2932 944 2996 vestigium
969 2938 1100 2997 superest,
1127 2950 1190 2984 eon-

83 3026 141 3072 etura
158 3024 267 3074 addixit.

118 3114 145 3180 3)
164 3117 198 3166 ei.
218 3115 330 3181 Telephi
352 3113 413 3184 περὶ
435 3111 486 3164 τῶν
503 3108 637 3182 Ἀθήνησι
660 3108 748 3183 νόμον
773 3114 816 3165 καί
841 3112 924 3179 idaim
950 3132 1109 3183 quamquam
1133 3120 1188 3169 seio

81 3205 110 3254 uid
123 3208 230 3258 intersit.
254 3235 291 3243 —-
316 3206 438 3257 Ceterum
462 3212 570 3273 uterque
591 3212 617 3257 et
635 3207 786 3257 historicum
807 3209 859 3274 egit
879 3206 911 3272 [v.
932 3209 1043 3274 Telephi
1060 3210 1121 3279 περὶ
1139 3210 1190 3261 τῶν

81 3292 178 3367 Ιιργάμοο
194 3293 331 3366 βασιλέων]
352 3303 378 3348 et
396 3298 541 3349 litterarum
565 3300 688 3350 historiae
709 3316 817 3365 operam
837 3301 910 3350 dedit
930 3300 962 3365 [v.
983 3302 1094 3368 Telephi
1114 3299 1187 3370 βίονς

81 3387 164 3455 φονικῶν
181 3390 225 3441 καί
242 3387 377 3459 κωμικῶν].

117 3479 144 3547 4)
160 3500 184 3534 v.
209 3483 294 3548 fragg.
323 3480 465 3531 138-142
492 3483 567 3534 Reiti.
602 3483 651 3533 sub
676 3484 753 3534 titulo
783 3485 815 3534 de
843 3485 938 3549 stellis,
968 3485 1029 3556 περὶ
1058 3479 1186 3558 deripier,

82 3569 180 3624 ls—rla
214 3575 246 3625 de
278 3576 477 3640 tempestatibus
508 3573 569 3645 περί
598 3569 742 3643 perperos,
777 3576 919 3626 rso-152
949 3578 981 3628 de
1009 3580 1095 3629 ventis
1126 3579 1186 3651 περὶ

81 3659 155 3730 ripam
176 3665 318 3717 154-157
331 3667 399 3717 med.
421 3668 453 3717 de
472 3668 587 3717 maribus
600 3667 661 3738 περὶ
680 3665 833 3731 θαλασσῶν;
859 3670 909 3718 loa
930 3670 1069 3721 med-fin.
1091 3672 1123 3722 de
1136 3673 1184 3722 flu·

81 3754 152 3808 mous
169 3757 228 3829 περὶ
247 3755 357 3823 γλυκέων
374 3752 479 3809 ὑδάτων
497 3760 629 3824 ponenda.

120 3847 143 3912 ί)
160 3851 192 3901 ci.
214 3851 344 3915 imprimis
362 3851 438 3902 Reiff.
464 3868 490 3916 p.
516 3851 568 3899 258
583 3869 621 3918 sq.
648 3852 845 3918 quadrupedum
864 3852 991 3905 habemus
1017 3857 1118 3919 avium,
1143 3858 1183 3907 in-

81 3943 167 3992 sciorum
185 3948 210 3992 et
227 3945 397 4008 reptantium,
416 3945 564 3994 natantium
582 3947 699 3995 nomina.

83 4105 90 4132 ,
121 4032 144 4096 6)
161 4035 191 4085 oi.
209 4034 321 4101 Telephi
344 4035 405 4107 περί
426 4029 546 4106 χρήσεως
569 4028 629 4103 ἦτοι
654 4029 792 4104 ὀνομάτων
815 4035 930 4105 ἐσθῆτος
955 4039 998 4090 καί
1021 4039 1072 4090 τῶν
1097 4033 1182 4092 ἄλλων

81 4117 232 4193 ίίσιράμεθα.
