2618 4614
589 216 628 280 II

72 421 114 486 od
144 422 203 508 qui
230 420 338 485 condit
358 419 436 483 nihil
456 427 541 484 certe
561 420 623 484 nisi
645 420 886 504 grammaticum
911 425 1073 504 praestare
1094 414 1183 481 vult?

72 526 178 611 inique
209 546 288 589 cave
309 531 403 611 putes
425 521 534 586 ordine
557 544 651 608 quem
674 545 754 610 opus
783 525 855 611 περὶ
876 525 1015 607 βοτανῶν
1042 520 1185 606 sequitur

72 627 232 714 shabetico
257 625 450 691 subindicari
472 633 596 710 partem
611 624 715 690 lexici.
759 626 985 712 Praeterquam
1000 624 1083 688 enim
1099 621 1185 708 quod

72 730 108 794 ihi
129 753 321 817 persuasum
343 737 391 794 est
412 768 453 778 -
475 735 507 793 et
526 726 605 792 alios
629 738 722 814 spero
745 736 858 814 postea
879 727 912 790 in
933 725 1062 792 easdem
1083 725 1183 788 ituros

72 841 138 898 ntes
161 872 203 881 -
224 829 447 918 Pamphileum
475 853 556 917 opus
585 831 669 895 intra
697 830 821 916 singula
843 852 969 917 quoque
998 829 1104 915 capita
1124 827 1184 893 ele-

72 945 212 1000 entorum
236 934 379 1000 ordinem
401 934 568 1021 sprevisse,
591 956 660 998 mos
682 932 734 998 ille
757 942 824 998 erat
838 935 904 998 eius
920 933 1072 1018 temporis
1087 930 1184 996 medi-

72 1061 142 1101 rum
155 1036 209 1102 vel
222 1036 551 1125 pseudomedicorum,
575 1037 630 1122 qui
645 1036 684 1101 de
699 1036 805 1101 herbis
821 1044 1004 1118 tractarunt,
1019 1035 1185 1100 materiam

72 1139 209 1204 cundum
240 1139 361 1206 litteras
394 1139 594 1205 distribuere.
650 1138 830 1203 Audiamus
866 1139 948 1203 enim
986 1161 1080 1224 quem
1117 1138 1184 1202 eius

72 1245 158 1307 neris
180 1266 341 1308 summum
363 1242 526 1329 praedicat
550 1245 619 1331 ipse
641 1242 782 1308 Galenus
803 1240 1025 1307 Dioscoridem
1046 1241 1185 1305 Anazar-

72 1369 129 1410 rum
150 1347 185 1409 in
205 1346 402 1433 praefatione
423 1346 465 1411 ad
485 1345 602 1411 librum
624 1349 696 1433 περὶ
716 1343 790 1424 ύλης
811 1344 985 1430 primum¹)
1009 1342 1069 1407 hoc
1089 1343 1184 1407 modo

72 1458 267 1534 sputantem:
307 1451 389 1531 Πλήν
414 1458 484 1524 τοῖς
513 1450 567 1530 μὲν
595 1449 739 1536 ἀρχαίοις
772 1446 993 1536 μαρτυρητέον,
1024 1445 1100 1525 μετὰ
1128 1450 1185 1526 τῆς

71 1550 216 1633 ιγύτητος
229 1555 292 1616 τῶν
306 1553 553 1640 παραδοθέντων
567 1555 620 1617 καὶ
633 1549 690 1633 τήν
702 1551 861 1639 ἀκρίβειαν
872 1553 1184 1636 προσπαραλαβούσι,

71 1663 105 1728 ιῐς
126 1654 231 1735 μέντοι
251 1655 332 1728 νέοις
360 1654 396 1719 ού
419 1657 675 1736 συγκαταθετέον,
704 1641 745 1718 ὧν
766 1654 832 1718 ἐστι
854 1652 976 1726 Βάσσος
998 1652 1015 1717 ὁ
1039 1656 1182 1733 Τυλαῐος,

71 1759 92 1820 ri
104 1757 276 1845 Νικήρατος
291 1759 344 1822 καί
358 1757 536 1847 Πετρώνιος,
558 1761 648 1846 Νίγερ
663 1779 696 1822 τε
712 1759 765 1821 καὶ
778 1755 937 1836 Διόδοτος,
953 1754 1185 1834 Ἀσκληπιάδαι

71 1866 156 1935 άντις.
200 1863 239 1925 Οἳ
258 1859 314 1941 τὴν
337 1862 391 1942 μὲν
413 1866 490 1927 πᾶσι
512 1859 674 1946 σύμφυλον
695 1863 748 1925 καλ
771 1856 924 1947 γνώριμον
949 1855 1024 1937 ύλην
1049 1857 1185 1938 ἠξίωσαν

71 1966 93 2028 τὶ
111 1963 209 2028 ποσάν
231 1962 413 2053 ἀναγραφάς
435 1963 594 2053 ἀκριβοῦς,
624 1963 682 2039 τάς
705 1963 740 2029 δὲ
760 1967 822 2027 τῶν
845 1959 1018 2048 φαρμάκων
1040 1959 1184 2040 δυνάμεις

71 2067 95 2128 ιλ
106 2068 289 2146 δοκιμασίας
305 2066 338 2146 ἐξ
352 2067 524 2152 ἐπιδρομῆς
539 2067 730 2145 παρέδοσαν,
753 2063 790 2128 ού
804 2067 842 2146 τῇ
860 2065 952 2149 πείρᾳ
965 2063 1021 2144 τὴν
1036 2062 1185 2151 ἀνέργειαν

71 2165 139 2232 iada
159 2172 378 2251 κανονίζοντες,
407 2175 445 2253 τῇ
469 2169 504 2234 δὲ
530 2175 586 2250 τῆς
609 2170 711 2244 αἰτίας
732 2169 904 2253 κενοφωνίᾳ
933 2166 976 2239 είς
998 2162 1095 2246 ὄγκων
1117 2167 1185 2230 δια-

73 2271 139 2355 οράς
153 2271 284 2337 ἕκαστον
307 2271 409 2338 αύτών
424 2272 632 2362 ἀναφέροντες
656 2270 732 2354 μετά
752 2274 808 2335 τού
832 2271 885 2333 καὶ
903 2263 983 2332 ἀλλα
1005 2266 1070 2332 ἀντ’
1086 2265 1186 2333 ἀλλων

72 2372 234 2461 ναγράφειν.

121 2478 277 2542 Secuntur
298 2500 339 2542 ex
360 2477 453 2563 Nigri
473 2476 555 2542 libro
581 2476 731 2565 τεκμήρια
754 2474 811 2541 ούκ
832 2473 999 2556 αύτοψίας,
1026 2473 1106 2539 ἀλλά
1128 2480 1184 2555 τῆς

71 2581 361 2669 κπαρακουσμύτων
389 2581 539 2669 ἱστορίας.
575 2579 741 2666 Ἥμαρτον
769 2580 804 2643 δὲ
826 2579 878 2642 καὶ
900 2579 972 2665 περὶ
992 2576 1048 2657 τὴν
1068 2577 1156 2657 τάξιν
1179 2599 1185 2612 ·

71 2683 139 2762 ίμὲν
152 2682 355 2770 ἀσυμφύλους
370 2684 515 2764 δυνάμεις
531 2683 781 2769 συγκρούσαντες,
796 2683 831 2746 οἳ
845 2681 880 2746 δὲ
894 2678 990 2744 κατά
1008 2688 1186 2757 στοιχεῖα

71 2787 275 2873 καγρύψαντες
297 2786 456 2866 διέζευξαν
476 2792 532 2868 τῆς
553 2786 729 2868 ὁμογενείας
750 2783 791 2851 τά
812 2807 845 2850 τε
866 2784 934 2865 γένη
950 2785 1003 2848 καί
1023 2782 1081 2859 τάς
1103 2781 1185 2873 ἀνερ-

71 2889 121 2963 ιίας
141 2888 251 2973 αάτῶν,
275 2888 316 2963 ὡς
339 2887 393 2954 διά
415 2895 510 2955 τοῦτο
531 2889 796 2971 εύμνημόνευταλ)
818 2891 968 2968 γίνεσθαι.

121 2991 231 3077 Ipsum
252 3001 358 3057 autem
382 2990 539 3058 Galenum
561 3016 633 3057 cum
654 2994 687 3056 in
708 2990 788 3055 libro
807 2989 851 3053 VI
874 2991 943 3078 περὶ
965 2986 1104 3077 κράσεως
1125 2998 1184 3055 etc.

70 3096 103 3156 av
115 3093 219 3160 ἀτλῶν
240 3093 414 3182 φαρμάκιον
427 3095 484 3177 τήν
504 3097 592 3176 τάξιν
607 3094 709 3159 αάτῶν
723 3097 779 3174 τῆς
793 3097 916 3179 γραφῆς
934 3090 1015 3156 κατά
1030 3101 1185 3170 στοιχεῖον

70 3193 140 3282 ¹aciat,
159 3221 266 3263 nonne
281 3199 452 3264 credideris
474 3200 631 3263 imitatum
645 3194 962 3282 pharmacologorum
978 3194 1185 3282 exemplum?

70 3293 130 3363 [dem
154 3301 238 3365 cadit
268 3302 301 3364 in
327 3298 483 3382 codicem,
516 3323 579 3388 quo
605 3299 803 3364 Dioscoridis
839 3301 909 3387 περὶ
940 3298 1015 3380 ύλης
1042 3300 1185 3385 ἰατρικῆς

70 3403 138 3484 λβλία
158 3405 172 3468 έ
194 3413 369 3490 servantur,
399 3392 677 3490 Neapolitanum³)
705 3409 920 3489 tractatusque
946 3402 1063 3469 multos
1090 3403 1185 3468 Dios-

70 3505 178 3572 *orideos
200 3507 497 3593 pseudepigraphos
505 3509 543 3593 ⁴).

116 3669 139 3734 1)
159 3671 192 3722 ef.
213 3671 255 3721 ed.
271 3670 521 3737 Kuchn-Sprengel
540 3672 567 3736 1,-
578 3673 602 3722 2.

114 3760 139 3828 λ)
159 3763 191 3813 cf.
211 3762 308 3814 Athen.
328 3763 388 3827 VII,
409 3763 461 3814 277
476 3780 498 3816 c.

115 3854 139 3918 3)
158 3855 192 3905 cf.
212 3855 463 3922 Kuehn-Sprengel
481 3856 502 3920 Ι,
522 3872 549 3921 p.
568 3856 666 3907 XVIII.

116 3944 140 4009 4)
159 3947 268 4010 Qualem
294 3963 334 3998 ex.
359 3964 398 4014 gr.
424 3953 597 3999 memoratum
614 3947 702 3997 inveni
726 3945 797 4012 apud
817 3943 986 3996 Schererum:
1014 3943 1185 3996 Veraeichnis

71 4045 97 4082 e1·
110 4036 153 4089 Μι.
172 4055 197 4092 u.
216 4040 314 4091 Inkun.
334 4041 380 4091 der
398 4041 513 4092 Vadian.
531 4039 599 4089 Bibl.
619 4038 686 4102 318,
709 4038 792 4088 latine
817 4037 858 4089 ed.
878 4053 895 4087 a
913 4035 1076 4101 cwolphio
1096 4035 1186 4085 Turici

72 4123 170 4183 58180.
211 4133 267 4184 Nec
293 4132 433 4184 obliviscar
451 4132 561 4184 Antonii
578 4130 698 4196 Verderi,
726 4146 804 4198 quem
826 4131 855 4180 in
875 4127 1034 4181 bibliotheca
1054 4127 1185 4178 Constan-
