2618 4614
620 180 661 248 99

144 385 363 474 Apollodorus
390 386 532 452 medicus
565 387 636 474 περὶ
665 384 769 473 μύρων
798 385 851 449 καί
876 381 1035 470 στεφάνων
1067 394 1177 452 auctor
1191 389 1215 475 1)

72 488 194 555 dubium
218 513 296 554 num
321 488 505 574 „volumen“
528 487 607 553 illud
628 487 670 553 ad
690 486 908 552 Ptolemaeum
930 488 1099 573 scripserit,
1135 513 1216 577 „quo

10 638 20 674 ².
72 591 155 681 [Plin.
176 615 210 657 n.
233 593 264 658 h.
288 592 369 657 XIV
384 592 435 682 76]
460 593 559 656 suasit
577 590 758 655 Ptolemaeo
780 591 858 675 regi,
887 612 968 676 quae
988 591 1063 656 vina
1084 592 1217 675 biberet,

10 845 28 883 ζ
70 796 202 864 Citieum
225 807 259 864 et
272 799 479 864 Tarentinum
500 796 622 861 Plinius
645 803 879 879 commemorat,
902 817 1037 881 quorum
1058 796 1137 863 alter
1158 800 1218 863 fuit

70 922 137 966 sane
150 910 273 986 noster,
296 924 367 966 cum
386 902 420 965 in
434 901 538 966 indice
552 909 717 965 auctorum
730 898 762 964 ll.
777 898 844 962 XII
859 907 891 963 et
904 898 990 963 XIII
1003 899 1218 987 Apollodorus

27 1156 29 1191 :
145 1107 217 1172 Iam
239 1105 328 1172 locus
350 1107 514 1173 adermdus
537 1130 632 1193 saepe
653 1115 855 1189 memoratus,
879 1129 941 1193 quo
964 1107 1038 1171 data
1060 1129 1158 1193 opera
1176 1107 1217 1172 ab

26 1289 29 1295 1
70 1208 228 1274 Athenaeo
257 1219 476 1295 recensentur,
507 1211 697 1296 quicumque
725 1217 809 1274 artes
831 1209 998 1274 culinarias
1025 1212 1217 1297 scripserint.

10 1342 30 1410 ξ,
72 1311 129 1377 XII
155 1313 251 1378 5160
293 1313 443 1399 legimus:
483 1315 553 1396 „12
583 1316 708 1398 Πρῶτοι
735 1312 770 1376 δὲ
794 1315 891 1377 Λυδοί
918 1315 972 1377 καὶ
998 1311 1054 1395 τήν
1081 1313 1219 1399 καρύκην

12 1444 29 1502 ,33
72 1416 191 1504 ἐξεῦρον
215 1439 223 1454 ·
248 1418 319 1505 περὶ
344 1403 382 1496 ἧς
409 1420 465 1497 τῆς
493 1417 658 1488 σκευασίας
688 1415 718 1479 οί
746 1412 785 1479 τά
808 1413 1027 1501 Ὀψαρτυτικά
1056 1417 1218 1494 συνθέντες

27 1565 30 1573 -
72 1520 216 1609 εἰρήκασι,
239 1519 377 1596 Γλαῦκός
398 1540 432 1583 τε
453 1518 470 1583 ὁ
488 1517 608 1606 Λοκρὸς
630 1521 683 1582 καί
696 1520 849 1592 Μίθαικος
872 1521 925 1584 καὶ
938 1519 1105 1603 Διονύσιος,
1124 1519 1219 1606 Ἦρα-

23 1648 30 1693 ι
72 1625 187 1687 ιίεῖδαί
215 1645 250 1687 τε
281 1623 338 1687 δύο
364 1622 449 1703 γένος
477 1622 674 1710 Συρακόσιοι,
701 1609 858 1703 καὶῒΑγις
887 1621 1139 1700 καίἘπαίνετος
1166 1626 1219 1687 καί

72 1726 236 1808 Διονύσιος,
267 1725 313 1791 έτι
335 1725 369 1790 δέ
387 1725 580 1807 Ἡγήσιππος
608 1727 660 1789 καὶ
676 1721 930 1812 Ἐρασίστρατος
955 1728 1008 1790 καὶ
1029 1725 1217 1807 Εύθύδημος

72 1831 115 1894 καί
141 1832 268 1914 Κρίτων
291 1852 298 1867 ·
321 1827 402 1916 πρὸς
428 1826 552 1904 τούτοις
580 1828 614 1892 δὲ
643 1828 815 1913 Στέφανος,
844 1826 1013 1916 Ἀρχύτας,
1046 1827 1218 1913 Ἀκέστιος,

69 1929 221 2016 Ἀκεσίας,
259 1935 401 2013 Διοκλῆς,
439 1934 599 1996 Φιλιστίων
621 1980 629 1997 .
651 1928 822 2006 τοσούτους
848 1929 906 2019 γάρ
936 1924 1011 1995 οἶδα
1036 1933 1219 2017 γράψαντας

68 2031 291 2123 Ὀψαρτυτικά.
346 2033 394 2100 Of.
409 2034 525 2100 Pollux
539 2033 657 2099 V170:
680 2031 782 2098 Πολλά
806 2031 831 2097 δ’
858 2029 896 2097 ἂν
918 2036 965 2116 είη
987 2039 1049 2098 τῶν
1070 2037 1142 2124 περὶ
1162 2033 1219 2116 τὴν

69 2136 232 2219 iteraretis
261 2141 427 2202 σκευασίαν
454 2137 589 2225 ἐξευρεῖν
617 2136 650 2200 έκ
676 2140 738 2200 τῶν
760 2135 955 2217 ὀψοποιικῶν
977 2136 1219 2226 συγγραμμάτων

10 2296 28 2328 ,
69 2241 327 2326 Παντολέοντοςθ)
356 2242 409 2304 καὶ
436 2242 595 2304 Μιθαίκου
623 2241 676 2302 καὶ
705 2241 883 2324 Ζωπυρίνου
913 2243 966 2304 καὶ
994 2240 1141 2327 Σύφωνος
1167 2245 1220 2306 καὶ

10 2389 25 2428 a
65 2341 258 2427 Ἡγησίππου
286 2344 339 2407 καὶ
368 2340 516 2423 Παξάμου
546 2345 599 2407 καί
621 2342 806 2406 Ἐπαινέτου
829 2391 837 2406 .
861 2346 1091 2427 συναριθμοῐτο
1120 2343 1146 2407 δ’
1181 2341 1219 2408 dr

10 2476 22 2497 ν
65 2448 189 2524 τούτοις
214 2445 419 2534 Ἡρακλείδης
445 2468 478 2511 τε
507 2445 524 2510 ὁ
549 2444 759 2533 Συρακούσιος
786 2447 839 2509 καὶ
865 2443 1057 2533 Τυνδάριχος
1085 2445 1102 2511 ὃ
1132 2450 1219 2511 Σικυ-

64 2548 156 2628 ιίνιος
180 2552 234 2614 καὶ
249 2552 479 2630 Σιμωνακτίδης
501 2547 614 2622 oxeos
636 2550 689 2613 καί
709 2552 847 2625 Γλαῦκος
868 2547 886 2614 ὁ
909 2549 1040 2637 Λοκρός,
1063 2547 1219 2632 ὀψοποιη-

61 2658 149 2735 τικῆς
168 2655 382 2739 πραγματείας
404 2657 559 2739 σοφισταί.
596 2652 696 2719 Vides
716 2674 899 2716 communes
913 2653 1040 2738 utrique
1054 2655 1218 2736 Μίθαικον,

56 2757 269 2842 Ἡρακλείδην
288 2753 345 2820 τὸν
367 2756 589 2844 Συρακούσιον,
611 2755 805 2836 Ἐπαίνετον,
830 2755 1033 2838 Ἡγήσιππον.
1077 2753 1217 2821 Glaucus

55 2860 188 2925 Locrus
203 2866 252 2922 ter
273 2857 360 2944 apud
374 2857 575 2924 Athenaeum
592 2859 688 2923 redit:
708 2857 773 2921 VII
784 2858 873 2923 sata
891 2857 931 2922 de
942 2857 1218 2945 hyposphagmate

53 2971 136 3051 post
147 2961 382 3026 Erasistratum
403 2971 476 3026 ante
488 2961 726 3027 Archestratum
744 2962 931 3026 sententiam
954 2960 1040 3043 dicit,
1062 2961 1113 3025 IX
1123 2963 1218 3028 3691>

10 3094 12 3099 ’
52 3088 179 3133 vocem
203 3065 305 3151 ῥάφυς
327 3062 426 3151 ῥάπυς
454 3064 652 3130 scribendam
683 3064 844 3129 contendit
865 3063 988 3128 medius
1009 3065 1092 3129 inter
1115 3064 1216 3151 Speu-

51 3173 198 3257 sippum
228 3177 260 3232 et
287 3167 552 3254 Theophrastum,
579 3168 662 3231 XIV
684 3168 774 3233 6610
803 3190 876 3231 cum
903 3165 1073 3232 Heraclide
1082 3172 1109 3251 ⁴)
1140 3167 1217 3256 [scil.

51 3272 153 3362 quod
174 3271 270 3335 Mein.
294 3270 506 3357 supplendum
528 3271 650 3335 censuit
672 3269 882 3359 Syracusano]
913 3278 1013 3334 artem
1035 3269 1218 3336 culinariam

50 3377 143 3444 dicit
175 3373 232 3452 ούχ
262 3372 429 3462 ἁρμόττειν
454 3375 459 3461 Ι
486 3372 548 3438 ἀλλ’
581 3372 655 3439 ούδέ
683 3382 752 3450 τοῖς
784 3375 913 3450 τυχοῦσι
944 3378 1006 3437 τῶν
1038 3373 1217 3463 ἐλευθέρων,

139 3636 170 3703 1)
190 3637 286 3687 Athen.
302 3638 358 3702 XV,
380 3638 452 3687 stae
466 3637 484 3688 f.
509 3637 585 3687 Idem
603 3637 714 3688 fortasse
734 3638 778 3703 qui
797 3651 824 3689 π.
841 3633 943 3706 θηρίων
961 3637 1018 3702 XV,
1030 3637 1114 3689 68ld.
1135 3638 1217 3690 schol.

51 3734 121 3784 Nic.
144 3729 225 3780 Ther.
248 3730 308 3780 715.
330 3729 390 3779 781.
411 3729 473 3779 868.

139 3821 171 3887 2)
192 3822 225 3871 cf.
244 3821 312 3872 Plin.
332 3822 396 3886 XX,
417 3822 460 3886 25,
484 3822 530 3872 ubi
553 3823 623 3872 inter
640 3821 803 3871 Nicandrum
822 3825 849 3870 et
867 3820 1046 3888 Praxagoram
1066 3824 1217 3875 afferuntur.

138 3914 169 3978 3)
189 3913 241 3978 leg.
262 3911 375 3964 Πανταλ.
396 3914 428 3965 cl.
447 3914 543 3964 Athen.
563 3914 584 3978 I,
605 3913 673 3963 20b.
692 3914 763 3976 XIV,
784 3912 867 3963 seta.

138 4005 170 4073 4)
191 4006 341 4056 Innumeris
360 4005 491 4056 Athenaei
516 4005 582 4056 locis
608 4005 663 4054 eius
684 4000 812 4075 οψαρτυτ.
837 4011 1070 4069 commemoratur3
1095 4006 1175 4056 semel
1199 4006 1218 4059 l.

55 4098 124 4171 περὶ
144 4095 255 4166 θεσμῶν
273 4097 344 4161 XIV,
365 4095 448 4147 etta.

946 4181 992 4244 'lla
