2618 4614
423 374 547 450 ura
573 371 877 450 seruiens.
953 332 955 336 ’

144 564 321 631 Henricus
344 566 477 632 Carolus
499 565 600 631 Iulius
624 565 864 630 schoenemann
884 573 977 630 natus
1006 587 1076 628 sum
1097 565 1226 630 Hanno-

50 688 161 731 verae
189 670 270 731 anni
284 668 550 734 MDOOOLXIV
564 669 611 734 Id.
627 668 706 755 Apr.
728 677 820 754 patre
842 666 966 751 Oarolo,
992 677 1091 733 matre
1106 667 1188 734 Iulia
1208 692 1226 733 c

51 777 162 855 gente
189 770 442 856 Breckerbaum,
471 771 693 858 superstitibus
719 770 822 835 adhuc
850 771 1092 856 gratissimoque
1120 771 1226 858 quoad

51 874 180 938 vivam
206 874 313 938 animo
335 874 412 939 mihi
434 874 581 940 colendis.
623 874 736 939 Fidem
758 873 909 964 profiteor
930 873 1155 959 evangelicam.

149 975 347 1062 Discipulos
376 986 411 1042 ut
438 979 548 1042 fierem
574 977 672 1063 Lycei
701 977 743 1059 H,
776 978 827 1040 cui
854 977 989 1041 vixdum
1017 976 1143 1041 condito
1172 974 1225 1039 illo

52 1086 221 1164 tempore
243 1102 307 1144 una
328 1102 400 1144 cum
420 1081 557 1166 LyceoI
578 1080 736 1145 Henricus
755 1077 909 1144 Lndolfus
926 1079 1049 1144 Ahrens
1071 1086 1226 1164 praeerat,

52 1190 161 1268 pater
180 1183 323 1268 optimus
344 1182 418 1248 ludo
433 1183 584 1248 litterario
599 1181 819 1248 instruendum
833 1182 1001 1268 puerulum
1020 1205 1070 1247 me
1085 1180 1223 1245 tradidit.

52 1284 204 1350 Deinde
224 1286 258 1348 in
280 1287 445 1371 gymnasio
461 1289 531 1371 ipso
552 1287 618 1351 iam
635 1285 694 1351 sub
709 1286 906 1352 Wiedaschii
927 1287 1078 1371 auspiciis
1093 1284 1224 1349 florente

53 1410 122 1474 per
136 1389 264 1453 novem
279 1411 378 1453 annos
392 1390 533 1453 virorum
553 1388 851 1453 humanissimorum
867 1411 943 1454 usus
963 1411 1033 1452 sum
1048 1386 1223 1472 disciplina.

52 1491 148 1556 lude
176 1515 197 1556 a
218 1514 294 1556 vere
322 1492 397 1555 anni
418 1490 718 1555 MDCCCLXXXI
741 1490 913 1577 Gottingae
935 1491 1075 1576 collegiis
1098 1513 1148 1554 me
1170 1489 1224 1553 do-

54 1602 211 1658 cuerunt
242 1617 293 1658 vv.
322 1593 374 1658 dd.
410 1593 576 1658 Andresen
603 1594 771 1659 Baumann
799 1593 930 1658 Bechtel
955 1595 1060 1657 Bruns
1092 1591 1225 1676 Dilthey

53 1697 185 1762 Duhm
207 1696 290 1760 Fick
305 1695 429 1761 Gilbert
445 1694 597 1761 Goedeke
621 1695 659 1761 G.
675 1697 714 1762 Ε.
729 1696 862 1761 Mueller
878 1696 931 1761 W.
946 1695 1079 1761 Mueller
1094 1695 1224 1781 Sauppe

56 1799 280 1865 Schmarsow
293 1798 490 1863 Ueberhorst
501 1798 732 1885 Volquardsen,
748 1800 830 1864 inter
845 1821 924 1884 quos
938 1799 972 1861 in
990 1799 1102 1885 primis
1117 1796 1224 1861 Caroli

53 1901 211 1967 Diltheii
236 1911 267 1966 et
288 1902 395 1966 lvonis
416 1902 544 1965 Brunsii
573 1903 703 1987 egregia
732 1910 859 1966 cautum
882 1909 930 1966 est
950 1901 1155 1984 institutione,
1183 1922 1223 1964 ne

55 2005 104 2070 de
140 2027 205 2069 sua
224 2006 277 2069 via
305 2003 531 2070 adulescentuli
554 2003 658 2067 studia
684 2003 892 2071 deflecterent.
936 2003 974 2068 In
996 2003 1222 2089 proseminario

53 2105 183 2194 philol.
208 2104 350 2192 Gotting.
378 2107 483 2170 Bruns
506 2107 545 2172 de
566 2106 704 2171 Leutsch
725 2130 903 2192 magnaque
929 2129 1055 2192 semper
1076 2105 1223 2169 comitate

59 2210 212 2296 Sauppe
226 2232 277 2274 me
292 2209 512 2293 erudiverunt;
535 2209 813 2274 exercitationibus
828 2209 997 2275 theodiscis
1013 2209 1066 2274 W.
1081 2205 1223 2291 Mueller,

56 2312 257 2377 Homericis
272 2312 353 2376 Fick
374 2335 433 2398 per
454 2335 546 2377 senos
561 2335 686 2378 menses
707 2335 758 2377 me
773 2313 977 2377 admiserunt.
1014 2312 1093 2376 Inde
1115 2333 1223 2375 avere

58 2415 151 2480 anni
172 2413 508 2478 MDOOCLXXXIII
528 2417 668 2501 Bonnae,
699 2438 761 2502 quo
789 2414 1001 2502 proficiscenti
1021 2415 1099 2478 mihi
1117 2415 1222 2477 Bruns

57 2539 131 2595 nee
161 2517 299 2582 consiliis
330 2539 388 2582 nec
416 2520 499 2582 votis
527 2521 655 2606 optimis
692 2519 801 2584 deesse
828 2517 942 2603 voluit,
970 2518 1144 2583 docuerunt
1170 2539 1222 2580 me

10 2660 12 2665 ·
58 2645 124 2685 vv.
159 2618 212 2683 dd.
248 2620 423 2685 Buecheler
460 2621 549 2686 Ioers
581 2622 708 2687 Kekule'.
746 2621 841 2686 Klein
872 2619 1077 2686 Neuhaeuser
1107 2619 1224 2683 Nissen

64 2723 241 2789 Schwartz
262 2723 386 2788 Usener
407 2725 595 2791 Wilmanns.
644 2725 683 2788 In
708 2726 912 2789 seminarium
933 2723 1041 2810 philol.
1062 2724 1164 2786 Bonn.
1187 2729 1223 2784 ut

61 2828 244 2911 reciperer,
267 2829 397 2911 egregia
417 2850 494 2912 erga
514 2851 565 2892 me
586 2827 771 2893 Buecheleri
784 2827 959 2892 Luebherti
972 2826 1107 2890 Useneri
1128 2824 1222 2889 bene-

63 2929 216 2994 volentia
235 2927 353 2993 factum
375 2939 432 3010 est,
467 2952 601 3016 quorum
621 2932 762 2994 virorum
790 2929 952 3016 praeclara
978 2927 1144 3014 disciplina
1165 2950 1223 3013 per

66 3033 158 3098 duos
187 3053 286 3095 annos
312 3055 389 3096 usus
412 3056 491 3098 sum.
541 3033 710 3098 Praeterea
731 3032 867 3117 benigne
889 3032 966 3097 mihi
991 3039 1221 3114 concesserunt,

66 3143 109 3199 ut
131 3135 317 3199 interessem
346 3137 623 3202 exercitationibus
644 3134 819 3200 Buecheler
843 3134 1012 3221 philologis
1039 3143 1070 3199 et
1100 3133 1222 3219 epigra

68 3237 179 3324 phicis
207 3260 266 3323 per
288 3240 464 3325 quinquies
493 3238 738 3324 archaeologicis
759 3237 887 3303 Kekule
909 3261 967 3324 per
988 3239 1100 3318 sexies,
1122 3233 1222 3321 philo-

69 3340 157 3424 logis
180 3339 341 3405 Schwartz
367 3365 425 3428 per
451 3342 501 3407 bis
524 3365 582 3406 sex
602 3363 737 3407 menses.
786 3342 849 3406 Per
871 3337 962 3407 senos
984 3362 1108 3404 menses
1131 3338 1221 3402 semi-

69 3443 156 3507 narii
182 3442 335 3507 theodisci
365 3452 396 3507 et
425 3443 566 3508 historici
591 3446 853 3509 exercitationum
881 3445 1041 3530 particeps
1070 3442 1116 3506 fui
1142 3440 1221 3505 Wil-

71 3546 211 3609 mannsii
233 3553 264 3608 et
285 3545 412 3610 Nisscni
433 3548 588 3612 comitate.
633 3546 757 3628 Quibus
778 3547 856 3611 viris
877 3546 1023 3611 omnibus
1046 3567 1151 3609 meum
1173 3551 1221 3608 est

72 3648 195 3732 gratias
218 3670 311 3732 agere
334 3670 374 3712 ex
396 3650 493 3712 animi
516 3651 680 3715 sententia.
718 3650 886 3736 Inprimis
906 3646 1220 3715 antemBuechelero

71 3749 223 3814 Kekuleo
237 3750 379 3815 Usenero
395 3760 548 3838 quantum
564 3752 706 3835 debeam,
723 3754 786 3817 scio
801 3775 860 3816 nec
874 3776 1028 3839 umquam
1043 3751 1219 3817 obliviscar.

72 3853 206 3918 Summo
229 3875 325 3938 opere
346 3853 423 3918 mihi
445 3863 493 3919 est
514 3856 706 3940 enitendum,
728 3864 763 3918 ut
777 3854 910 3942 probem
933 3854 1103 3942 aliquando
1124 3853 1219 3918 talem

71 3955 283 4021 eruditionem
304 3978 368 4020 non
389 3957 519 4043 indigno
542 3958 720 4042 contigisse.

539 4131 755 4140 --—.-——-
