2618 4614
657 217 701 281 60

99 422 141 486 ad
163 419 274 486 saltem
296 443 338 484 cx
360 418 488 485 Polluce
509 419 618 485 videre
639 420 702 509 aitl.
745 419 842 501 Quod
868 442 966 507 quam
990 442 1056 485 non
1075 420 1217 489 iniurialo

99 524 227 589 Polluce
249 526 290 588 ait
311 523 495 607 iudicatum,
517 525 571 609 qui
593 546 644 587 res
658 523 901 603 diversissimas,
921 522 1039 609 quibus
1052 520 1164 586 nullum
1173 522 1219 591 luc

100 638 148 692 est
168 627 329 692 vinculum
344 651 521 712 commrme,
543 629 576 691 in
591 650 690 691 unum
703 624 820 691 librum
834 626 960 712 ingerit,
981 648 1079 713 quam
1095 626 1219 693 artissimo

99 741 206 796 autem
232 733 315 796 inter
341 756 374 797 ac
396 731 600 797 cohaerentes
622 728 752 812 divellit,
778 730 878 813 norit,
905 730 1098 815 quicumque
1116 726 1163 793 vel
1179 730 1222 815 pri

99 836 222 921 mums)
253 835 320 899 cius
349 834 465 899 librum
492 834 542 899 vel
572 833 701 897 tertium
726 831 777 897 vel
798 831 945 919 quintum
965 830 1141 918 perlegerit
1178 830 1223 899 Sol

99 960 150 1001 mc
172 938 199 1000 oi
222 935 323 1018 audis,
346 938 372 1000 si
387 939 419 1000 in
434 935 572 1001 Pollucis
594 936 655 1001 hoc
675 935 762 1002 cadit
782 935 1010 1018 onomasticon,
1032 944 1070 999 ut
1088 934 1224 1022 proprinn

99 1041 167 1104 cius
189 1039 302 1103 vitium
324 1063 365 1104 ex
387 1041 499 1104 intima
521 1040 589 1105 eius
609 1049 725 1103 natura
738 1047 787 1104 est
801 1037 1040 1125 explicandum,
1060 1035 1225 1125 explicatum

99 1144 127 1206 ai
148 1142 253 1228 placet
274 1142 505 1229 castigandum:
529 1143 585 1208 sed
606 1141 719 1229 procul
738 1141 887 1208 habenda
906 1140 985 1207 talia
1003 1139 1047 1207 ab
1069 1140 1240 1206 onomaotid-

98 1246 259 1332 ipsissima
279 1248 416 1311 notione.

182 1349 250 1414 Nec
271 1351 399 1413 omnino
420 1349 515 1414 hodie
536 1349 629 1414 nobis
650 1346 895 1433 indulgebimus,
916 1356 953 1411 ut
973 1345 1227 1434 RaphaclisVola

98 1454 225 1533 terrani,
254 1453 464 1539 Hermonymi
487 1452 647 1539 Spartani,
676 1452 769 1515 Beati
788 1449 933 1515 Rhenani
960 1448 1111 1536 exempla
1129 1449 1226 1525 imitati,

99 1556 185 1642 quod
207 1556 385 1620 Bonchcrio
407 1556 562 1620 accidisse
584 1553 754 1619 dolendum
777 1561 835 1636 est,
857 1552 900 1617 ad
919 1551 1061 1617 Pollucis
1082 1573 1159 1639 opus
1176 1574 1228 1616 oon

98 1659 187 1722 tinuo
216 1658 420 1724 advertamus
448 1660 607 1741 animum,
640 1656 696 1721 ubi
728 1655 768 1721 de
799 1655 903 1721 lexico
934 1657 970 1721 in
995 1657 1105 1742 capita
1130 1654 1239 1740 digesto*

99 1784 202 1825 acrmo
225 1770 282 1826 est.
327 1760 421 1825 Nulla
442 1784 572 1847 prorsus
594 1783 634 1825 ne
655 1759 716 1824 hoc
739 1759 869 1847 quidem
889 1757 1130 1824 verisimilitatis
1146 1758 1228 1845 specio

98 1863 346 1948 cormnendatur,
377 1864 532 1949 glossaria
558 1863 612 1928 illa
632 1864 666 1927 in
687 1863 793 1949 capita
814 1861 939 1949 digesta
959 1862 1001 1927 ad
1021 1861 1097 1926 Iulii
1116 1859 1228 1926 Pollucis

99 1968 286 2031 onomastici
312 1967 496 2053 exemplum
526 1967 721 2032 conformata
750 1988 829 2030 esse.
872 1965 956 2031 Nam
982 1966 1129 2052 quamvis
1153 1962 1229 2029 multa

98 2068 222 2134 illorum
254 2073 360 2156 capita
388 2073 422 2134 in
449 2070 510 2135 hoc
539 2092 665 2156 quoque
691 2069 887 2155 reperiamus
910 2077 1061 2152 tractata,
1089 2074 1229 2134 tamenct

98 2195 205 2237 rerum
232 2172 319 2259 apud
340 2172 503 2238 Pollucem
531 2174 609 2237 ordo
635 2172 686 2237 vel
711 2173 818 2258 potius
839 2170 1038 2257 perturbatio
1061 2171 1228 2251 contradicit

97 2298 157 2340 nec
178 2278 305 2340 omnino
321 2275 573 2341 obliviscendum
588 2274 749 2340 Pollucem
772 2296 832 2340 nec
852 2276 1039 2341 onomaatici
1058 2277 1228 2341 inventorem

98 2380 196 2443 fuisse
226 2402 285 2443 ncc
314 2381 443 2443 unicum
471 2401 580 2444 eorum
608 2379 772 2465 exemplar
804 2378 1005 2444 constituisse
1036 2400 1097 2443 nec
1126 2377 1227 2443 omnino

99 2484 299 2567 grammatici
321 2482 372 2547 vel
393 2482 611 2569 lexicographi
640 2504 721 2568 opus
743 2491 906 2568 praestare
927 2481 1111 2568 voluisae2).
1151 2480 1227 2545 Nini·

174 2674 201 2739 1)
221 2675 254 2726 cf.
275 2690 342 2740 quae
361 2675 430 2726 infra
448 2692 481 2726 cx
500 2675 573 2726 libris
586 2674 720 2725 nonnullis
733 2673 852 2737 enctav13
872 2674 965 2741 quibua
978 2690 1034 2725 non
1046 2680 1102 2726 tam
1112 2675 1140 2725 id
1150 2671 1225 2735 curuli,

99 2771 128 2817 ut
147 2767 273 2825 cloccam,
303 2783 381 2832 quam
407 2784 461 2818 uon
487 2774 586 2818 certum
610 2768 750 2818 consilium
775 2767 803 2816 in
823 2766 988 2818 onomastico
1008 2766 1225 2834 componendum

100 2866 175 2910 cutus
195 2861 229 2909 sit
248 2865 349 2923 auctor,
374 2861 420 2910 scd
441 2861 630 2926 conglutinant
642 2859 714 2909 nullo
734 2874 841 2924 prorsus
860 2858 998 2910 affinitatis
1015 2860 1121 2911 vinculo
1139 2870 1224 2916 conexu,

99 2968 176 3018 qnam
196 2952 376 3002 demonstrare
402 2951 473 3001 volui
496 2970 544 3018 per
567 2952 727 3018 farraginem
752 2953 844 3014 istam,
870 2950 980 3001 meliora
1005 2951 1122 3002 eiusdem
1144 2947 1224 3016 generis

98 3046 161 3110 quia
180 3044 283 3108 «locunt,
304 3045 380 3094 nobis
392 3045 559 3094 utilissimam
574 3044 687 3109 vestigia
700 3044 783 3094 multa
795 3043 953 3093 onomastici
964 3043 1008 3093 vel
1021 3042 1223 3103 onomasticonn

99 3152 166 3202 quac
186 3138 278 3187 morito
299 3137 410 3186 audiant
428 3139 474 3195 ita,
493 3138 695 3202 compilatorum
714 3137 836 3185 nimirum
849 3152 866 3186 a
877 3135 986 3185 Polluce
1005 3137 1147 3201 peritorum
1163 3131 1223 3185 oculi!

98 3229 221 3278 arridere.
258 3230 347 3280 Ilcmo
367 3230 411 3279 ille
429 3231 457 3279 in
475 3230 567 3279 decom
586 3229 659 3279 libris
679 3228 731 3278 alio
751 3232 812 3293 post
833 3228 913 3278 alium
936 3228 966 3277 in
989 3228 1077 3279 lucem
1102 3223 1223 3279 emittendis

98 3322 263 3371 Platonicum
281 3322 347 3373 illud
366 3323 471 3372 videtur
489 3327 609 3372 secutus:
631 3313 682 3370 ἀλλ’
706 3311 758 3389 ὅπῃ
773 3310 806 3370 ἂν
825 3313 840 3370 ὃ
859 3313 938 3384 λόγος
957 3311 1047 3393 ὥσπερ
1066 3312 1222 3389 πνεῦμαφὲρῃ

97 3408 178 3480 ταύτῃ
200 3407 277 3476 ἰτέον,
297 3415 344 3464 scd
363 3432 455 3465 vereor
474 3431 507 3465 ne
527 3409 595 3482 λόγῳ
615 3414 643 3462 in
663 3408 768 3480 βιβλίων
786 3410 874 3481 κτῆσις
893 3417 1003 3463 mutato.

172 3506 201 3569 2)
220 3507 255 3555 Ut
283 3506 424 3557 nonnullos
452 3507 568 3556 indicem
595 3507 685 3569 locos,
714 3505 807 3570 quibua
835 3504 976 3555 manifesta
1002 3504 1130 3557 habemus
1155 3502 1225 3554 tuliun

98 3598 213 3662 capitum
232 3600 357 3664 vestigia,
383 3615 431 3664 per
450 3615 516 3664 quae
535 3599 666 3664 glossaria
684 3602 775 3647 nostra
800 3598 859 3662 ipsa
879 3613 982 3664 quoque
1003 3598 1155 3662 decurrunt,
1177 3595 1227 3644 hacc

98 3689 180 3739 allata
198 3695 290 3740 sunto:
315 3687 466 3761 :capillaco
489 3690 596 3756 [singuli
616 3690 721 3756 quidem
741 3687 845 3754 desunt]
864 3691 893 3749 I,
912 3693 927 3740 5
948 3696 974 3740 et
994 3691 1027 3739 23
1048 3688 1179 3741 med-fin.
1195 3680 1228 3733 ll·

152 3781 213 3852 περὶ
230 3780 299 3832 ναῶν
316 3781 391 3853 ἱερῶν
408 3784 430 3847 Ι,
446 3784 461 3830 6
488 3784 543 3832 --10.
562 3783 604 3832 14.
622 3782 662 3832 18.
679 3783 720 3834 19.
787 3782 848 3852 περὶ
860 3779 1018 3852 θεοσεβείας
1036 3783 1057 3846 Ι,
1072 3781 1183 3831 20-22.
1194 3771 1230 3823 ll·

98 3902 107 3908 -
153 3873 213 3943 περὶ
230 3871 331 3924 θυσιῶν
348 3876 370 3937 Ι,
392 3875 439 3922 uc·
456 3875 508 3926 29.
528 3876 571 3925 32.
593 3876 636 3925 33.
659 3902 695 3912 —-
719 3874 778 3945 περὶ
798 3872 896 3945 ἑορτῶν
913 3876 935 3939 I,
955 3875 1000 3924 34.
1021 3873 1064 3926 37.
1085 3875 1128 3929 38.
1148 3873 1187 3924 39.
1204 3888 1235 3903 κ

98 3965 159 4035 περὶ
176 3959 277 4033 χρόνον
296 3962 424 4031 [ἐνιαυτοῦ
451 3961 533 4035 μηνὸς
550 3961 651 4037 ἡμέρας
672 3961 773 4033 νυκτός]
798 3967 915 4018 54—72.
941 3995 978 4003 —
1001 3966 1063 4039 περὶ
1082 3961 1201 4035 οἰκήσεως
1217 3953 1237 4015 Ῑι

100 4057 133 4104 73
173 4057 215 4106 81.
289 4056 350 4128 περὶ
367 4057 498 4121 ναυτιλίας
516 4061 538 4123 Ι,
560 4059 677 4110 82-95.
696 4089 732 4094 -
750 4058 811 4128 περὶ
828 4053 961 4128 χειμώνων
978 4061 999 4124 1,
1016 4059 1077 4110 109.
1096 4045 1238 4108 lla-12⁶·

99 4178 135 4185 --
152 4147 212 4218 περὶ
230 4141 332 4215 ἀνέμων
355 4151 381 4216 I,
404 4150 556 4202 110--113.
583 4150 754 4220 [singulorum
779 4158 916 4203 ventorum
942 4153 1052 4203 nomina
1077 4147 1189 4218 desuntll
1207 4163 1238 4180 ²
