2618 4614
563 222 706 320 *ss-

76 419 141 507 philo
161 420 349 490 debeantur.
394 425 458 490 Sed
479 448 519 492 ne
541 425 592 490 hic
612 425 740 511 quidem
761 422 1007 490 subsistendum.
1051 421 1101 485 XI
1115 423 1209 488 4792

73 532 117 609 'por
127 524 330 612 Pamphilum
350 529 497 593 novimus
516 528 744 616 Epicharmum
766 550 785 591 a
806 526 950 592 Diodoro
972 528 1006 591 in
1027 525 1140 611 glossis
1162 526 1208 590 vi·

83 624 167 693 delicet
185 628 308 694 Italicis
335 629 478 714 allatum,
508 653 566 696 nec
595 640 700 718 potest
723 628 847 715 Sophro
872 628 991 695 ibidem
1021 651 1085 692 non
1109 628 1207 693 fuisse

83 736 219 796 metatus:
254 733 468 819 Epicharmus
503 743 608 799 autem
641 742 673 798 et
702 731 826 818 Sophro
862 730 914 796 vel
947 733 980 795 in
1014 752 1206 817 unoquoque

84 836 193 921 apitum
226 859 246 900 a
274 858 327 900 me
360 835 555 922 prolatorum
588 845 686 902 testes
720 835 879 922 prodeunt
910 835 1115 921 sequiturque
1152 856 1206 898 eos

73 934 148 1001 ¹turha
167 946 335 1023 poetarum
357 948 389 1003 et
410 948 570 1005 oratorum
592 948 624 1004 et
644 940 867 1005 historicorum
888 961 908 1002 a
928 938 1070 1023 Didymo
1093 945 1206 1002 tracta-

76 1044 171 1103 tomm:
203 1041 386 1107 Diodorum
418 1052 449 1108 et
481 1043 658 1129 Didymum
690 1039 877 1128 Pamphilus
909 1039 1069 1104 adhibuit:
1101 1062 1205 1104 nonne

73 1140 148 1227 igitur
181 1144 350 1230 probabile
381 1155 430 1211 ost
461 1146 662 1211 Athenaeum
693 1147 727 1209 in
758 1144 807 1208 his
839 1144 1001 1230 epicorum
1034 1142 1204 1228 lyricorum

73 1248 243 1330 logicorum
258 1249 451 1313 comicorum
472 1250 660 1314 testimoniis
682 1243 881 1334 apponendis
903 1267 923 1308 a
940 1243 1107 1331 Pamphilo
1129 1267 1204 1331 pen-

73 1346 147 1413 lere‘?
189 1348 393 1415 Comicorum
423 1375 540 1437 magna
568 1375 643 1438 pars
672 1351 860 1436 praesertim
888 1348 1012 1414 mediae
1039 1369 1204 1433 novaeque

73 1452 233 1518 omoediae
247 1453 374 1518 videtur
388 1455 576 1540 excipienda
591 1476 672 1519 esse:
692 1452 747 1519 sed
763 1453 886 1517 Cratini
899 1450 1067 1538 Eupolidis
1082 1449 1204 1514 Aristo-

73 1553 162 1618 thanis
195 1555 364 1622 Menandri
394 1559 576 1622 testimonia
606 1580 665 1623 nec
695 1579 760 1620 non
791 1555 923 1620 aliorum
956 1576 1083 1641 quoque
1115 1552 1203 1639 apud

73 1657 227 1744 lidymum
248 1660 282 1722 in
303 1659 404 1725 lexico
427 1663 546 1726 comico
568 1662 673 1747 potuit
694 1658 825 1725 collecta
844 1659 1000 1741 invenire,
1027 1656 1144 1721 multos
1173 1659 1203 1722 ei

73 1758 105 1824 lii
123 1761 296 1847 potuemmt
316 1763 534 1851 lexicographi
554 1763 642 1828 velut
662 1762 749 1826 Theo
772 1760 990 1848 suppeditare,
1020 1761 1075 1846 qui
1096 1768 1202 1826 autem

73 1865 259 1950 psartyticas
280 1865 402 1951 glossas
424 1866 550 1953 collegit
570 1865 791 1931 Artemidorus
812 1866 845 1928 in
866 1861 1070 1950 Pamphilum
1091 1862 1202 1949 procul

73 1963 145 2031 lubio
166 1975 292 2032 tantum
312 1991 377 2033 non
398 1978 483 2034 totus
504 1978 659 2056 receptus,
683 1969 738 2055 qui
759 1969 786 2032 is
809 1976 840 2032 et
862 1968 1012 2053 antiquae
1031 1973 1064 2030 et
1076 1965 1201 2031 mediae

73 2077 210 2136 tuovae
237 2071 419 2138 comoediae
446 2082 557 2159 poetas
586 2071 776 2137 clarissimos
803 2071 908 2157 potuit
933 2070 1115 2156 praeterire,
1146 2071 1199 2156 qui

73 2173 184 2238 ›arodos
199 2173 392 2260 neglegere?
432 2176 556 2242 Scimus
570 2182 734 2262 praeterea
748 2174 907 2260 Apionem
921 2173 1080 2237 Romanas
1094 2194 1199 2257 voces,

73 2273 226 2341 liodorum
254 2287 286 2342 et
307 2279 465 2365 Apionem
488 2280 614 2344 Italicas
642 2277 774 2362 glossas,
802 2276 1050 2362 Aristophanem
1077 2278 1199 2362 Byzan-

73 2376 127 2442 ium
146 2379 328 2463 Laconicas,
356 2382 491 2448 eundern
514 2392 545 2448 et
566 2381 770 2447 Theodorum
790 2380 913 2444 Atticas
935 2381 1040 2463 λέξεις,
1062 2379 1199 2444 Artemi-

73 2478 160 2546 lornm
180 2484 333 2549 Doricam
362 2484 504 2570 linguam
526 2485 689 2570 collegisse
711 2491 924 2548 attrectasse.
967 2470 1080 2548 Nonne
1101 2484 1199 2568 igitur

73 2581 108 2648 rbi
133 2586 166 2649 in
197 2586 254 2651 has
283 2586 405 2673 glossas
432 2589 519 2676 apud
545 2589 744 2653 Athenaeum
769 2586 967 2670 incurrimus,
1001 2586 1040 2651 de
1072 2584 1197 2650 illorum

73 2684 347 2776 glossographornm
367 2693 555 2756 testimoniis
576 2692 609 2754 in
624 2689 824 2754 Athenaeum
844 2712 903 2776 per
920 2688 1123 2776 Pamphilum
1145 2688 1197 2755 de-

73 2791 120 2853 atis
131 2793 360 2879 cogitabimus?
380 2793 514 2859 Addidit
529 2803 612 2859 certe
625 2793 805 2858 Athenaeus
819 2792 990 2856 multorum
1006 2794 1195 2880 scriptorum

73 2891 135 2957 uelut
153 2895 334 2962 comoediae
355 2897 478 2963 mediae
500 2905 531 2963 et
552 2920 654 2962 novae
675 2904 841 2983 poetarum
863 2897 1058 2980 Hegemonis
1078 2896 1195 2960 Matro-

73 2993 134 3082 sio)
146 2997 264 3084 Lyncei
280 2998 381 3064 Samii
395 3000 597 3086 Hegesandri
618 2999 751 3064 aliorum
765 3000 960 3064 testimonia:
981 3008 1086 3063 tamen
1101 3021 1193 3084 spero

127 3184 150 3252 1)
168 3189 364 3241 Archestratum
384 3192 475 3243 dubito
496 3208 558 3243 num
578 3193 706 3255 adiciam3
731 3208 784 3242 uno
811 3197 881 3242 certe
905 3193 964 3242 loco
990 3192 1018 3240 in
1043 3193 1099 3243 eius
1118 3193 1191 3242 testi·

76 3279 138 3329 nomo
156 3283 314 3346 apponendo
335 3283 434 3349 aliquid
453 3286 585 3336 turbatum
605 3289 657 3335 est:
676 3284 736 3348 VH,
757 3283 810 3332 294
825 3300 848 3334 a.
886 3283 977 3334 Sermo
998 3288 1038 3334 est
1057 3284 1089 3334 de
1108 3287 1192 3351 pisce,

77 3368 216 3430 querceus
243 3369 340 3439 γαλεός
368 3376 454 3427 audit:
481 3371 676 3446 Ἀρχέστρατος
700 3372 730 3426 δὲ
756 3368 771 3426 ό
797 3370 843 3426 τόν
869 3369 949 3425 αὐτὸν
973 3371 1191 3448 Σαρδαναπάλλῳ

77 3451 204 3534 litardius
229 3465 271 3533 [cf.
291 3468 367 3534 VIII,
388 3470 441 3521 335
455 3468 488 3536 el,
512 3467 638 3542 περὶτοῦ
658 3463 790 3538 ἐνῬόδῳ
816 3462 912 3534 γαλεοῦ
935 3462 1015 3533 λέγων
1039 3461 1085 3519 τόν
1110 3463 1191 3521 αὐτὸν

80 3539 122 3604 slru
135 3547 228 3625 ἡγεῖται
246 3558 282 3630 τῷ
307 3556 380 3632 παρὰ
400 3555 547 3630 Ῥωμαίοις
571 3561 623 3631 μετ’
651 3555 738 3612 αὐλῶν
762 3559 803 3612 καὶ
829 3553 964 3629 στεφάνων
986 3558 1024 3622 εἰς
1045 3554 1078 3610 τὰ
1097 3557 1191 3612 δεῖπνα

80 3647 250 3720 κφιφερομένῳ,
270 3648 490 3722 ἐστεφανωμένων
508 3653 551 3704 καλ
569 3650 620 3703 τῶν
639 3647 772 3722 φερόντων
792 3646 880 3721 αὐτόν,
899 3647 1061 3721 καλούμενόν
1079 3668 1107 3704 τε
1121 3647 1189 3705 ἀκκι-

80 3728 145 3802 trium
167 3735 350 3815 [ἀκκιπένσερα
369 3742 413 3810 Vl.
438 3739 494 3795 ἀλλ’
520 3728 598 3808 οὗτος
625 3740 671 3813 μὲν
697 3739 787 3815 μικρὸς
810 3743 854 3796 καὶ
872 3739 1117 3817 μακρορυγχότερός
1136 3742 1189 3798 ἐστι

80 3824 139 3900 witti
150 3827 261 3903 σχήματι
274 3835 397 3907 τρίγωνος
409 3833 511 3889 ἐκείνων
525 3833 623 3904 μᾶλλον
635 3850 642 3863 ·
656 3829 755 3888 τοότων
774 3830 815 3887 δ’ὁ
836 3829 1019 3899 εὐτελέστατος
1036 3837 1080 3888 καὶ
1099 3833 1188 3910 μικρό-

79 3929 128 3985 tuog
144 3918 189 3994 ονἰχ
206 3910 285 3995 ἦττον
297 3920 423 3979 Ἀττικῶν
440 3927 528 3997 χιλίων
545 3921 729 3997 πιπράσκεται.
749 3922 849 3980 Ἀπίων
867 3921 908 3979 δ’ὁ
921 3923 1099 4000 γραμματικὸς
1112 3926 1139 3980 ἐν
1151 3928 1186 4000 τῷ

78 4010 116 4081 1φὶ
133 4014 175 4084 τῆς
192 4011 306 4070 Ἀπικίου
331 4016 433 4088 τρυφῆς
457 4014 503 4071 τὸν
527 4016 611 4070 ἔλοπα
636 4018 688 4072 κτλ.
726 4020 759 4071 cf.
779 4019 940 4072 Archestrati
963 4021 1057 4087 fragm,
1078 4039 1187 4089 recogn.

77 4098 102 4150 ll·
115 4105 221 4160 Ribbeck
239 4111 327 4162 Berol.
356 4110 425 4160 1877
449 4130 475 4178 p.
495 4113 520 4176 9,
546 4113 638 4179 fragm.
660 4114 693 4161 13
713 4118 739 4163 ot
760 4113 801 4167 14.
829 4141 861 4149 —
890 4114 1007 4164 Primum
1030 4130 1139 4180 moneo,
1163 4119 1186 4167 si

76 4197 121 4260 dud
135 4199 208 4255 Arch.
229 4203 262 4256 do
281 4205 454 4275 aquinensem
474 4221 559 4258 sermo
579 4210 644 4274 erat,
669 4205 751 4258 falsos
770 4222 828 4259 esse
848 4206 924 4258 codd.
943 4208 973 4256 in
991 4208 1097 4264 nomine
1116 4201 1184 4268 daat-
