2618 4614
633 203 784 304 ..PA-

132 408 188 485 τῆς
203 403 420 490 παρ”Αλκαίῳ
435 403 605 487 λεπάδοςῑ)
628 404 796 491 physicum
817 403 980 470 habendos
1002 425 1082 487 esse,
1106 403 1162 490 qui
1184 423 1284 487 gram·

132 508 240 572 matici
266 507 354 572 fuere
381 530 499 572 omnes.
551 507 615 573 Sed
643 516 679 571 ut
708 530 781 572 cum
809 506 858 571 his
885 506 981 572 rebus
1010 506 1307 571 1111661611011-

134 632 197 696 qua
219 610 357 675 medicos
378 650 421 658 —
441 611 475 673 in
496 611 607 695 primis
627 609 817 697 Galenum2)
839 595 986 675 —inter
1008 607 1299 695 deipnosophistcst

131 723 366 795 commemorat,
394 712 569 778 medicinae
599 736 728 800 operam
750 735 885 778 navasse
905 713 1109 778 Athenaeum
1130 710 1199 775 veri
1226 700 1300 775 dis-³.-

134 815 328 881 simillimum
354 815 399 899 fit,
432 817 478 881 ita
506 817 623 881 scimus
655 839 728 881 eum
754 815 844 880 libris
872 814 1065 902 quibusdam
1092 836 1197 897 usum,
1230 833 1300 898 per·

134 941 229 1007 quos,
261 920 295 982 ni
323 941 375 984 me
403 921 509 983 omnia
536 919 663 1001 fallunt,
696 918 736 985 (16
772 940 965 1006 unoquoque
998 917 1070 982 cibo
1098 938 1163 981 non
1191 912 1307 979 modo-

133 1029 299 1107 poetarum
326 1020 549 1087 historicorum
575 1022 708 1087 aliorum
737 1022 919 1087 testimonia
941 1020 998 1085 sed
1026 1021 1122 1086 etiam
1146 1016 1286 1084 diaeteti-

81 1135 83 1139 ’
133 1146 243 1187 corum
264 1126 412 1210 apposita
434 1134 538 1191 erant:
565 1123 725 1210 Pamphili
746 1123 816 1189 dico
839 1147 929 1211 opus.
974 1123 1081 1204 Quam
1103 1122 1285 1208 opinionem

132 1226 234 1291 tribus
255 1226 329 1291 licet
343 1230 538 1313 argumentis
560 1227 705 1314 probare.
741 1227 792 1290 Ac
805 1227 944 1313 primum
967 1223 1097 1313 quidem
1118 1232 1285 1289 auctorum

134 1329 174 1394 de
202 1329 377 1394 diaeteticis
409 1331 504 1396 rebus
536 1332 692 1394 immensa
723 1331 820 1394 series
853 1328 987 1393 oriunda
1019 1327 1060 1392 ab
1079 1328 1285 1414 Hippocrate

135 1418 299 1498 descendit
319 1455 384 1498 non
405 1432 539 1497 multum
562 1433 645 1499 ultra
666 1434 761 1520 primi
783 1457 811 1499 a.
835 1431 871 1497 O.
894 1455 925 1496 1.
948 1429 1066 1496 saeculi
1087 1430 1201 1513 finem;
1222 1451 1285 1493 1116

134 1535 277 1600 (11001111
299 1558 418 1619 eorum,
441 1538 496 1623 qui
516 1536 591 1600 inde
613 1538 654 1602 ab
676 1559 758 1601 anno
781 1537 904 1601 circiter
923 1535 967 1600 40
980 1558 1013 1621 p.
1029 1532 1066 1598 C.
1081 1555 1112 1597 n.
1136 1540 1168 1597 et
1182 1532 1284 1617 primo

135 1647 167 1704 et
196 1637 294 1702 altero
325 1638 448 1703 saeculo
479 1639 518 1704 de
550 1639 717 1704 diaetetica
748 1638 844 1704 hbros
877 1637 1088 1703 condiderunt
1120 1635 1285 1700 clarissimi

134 1740 407 1827 locupletissimos,
428 1763 488 1805 nec
509 1740 708 1807 vola‘exstat
733 1762 792 1805 nec
813 1741 994 1826 vestigium.
1039 1738 1168 1804 Deinde
1189 1735 1285 1802 medi·

135 1847 224 1909 cinae
251 1847 328 1910 artis
349 1844 550 1910 Athenaeum
578 1844 753 1909 studiosum
781 1844 879 1909 fuisse
901 1865 973 1908 cum
995 1866 1089 1909 nemo
1110 1841 1214 1928 possit
1235 1839 1285 1904 de·

134 1956 310 2013 monstrare
324 1970 383 2012 160
397 1948 438 2012 111
451 1949 519 2013 veri
534 1945 645 2031 simile,
659 1945 862 2033 Pamphilum
875 1970 940 2012 non
954 1945 1056 2012 solum
1068 1944 1186 2010 medici
1196 1943 1286 2008 affec

135 2061 218 2117 tasse
246 2050 379 2136 gloriam
407 2049 560 2137 librisque
590 2050 629 2116 de
658 2050 815 2116 medicina
843 2049 1017 2115 scribendis
1038 2047 1224 2113 incubuisse
1245 2068 1286 2110 cx

136 2153 257 2219 Galeno
279 2160 454 2219 constat-
471 2176 530 2218 nec
550 2155 676 2239 mirum,
699 2153 786 2240 quod
807 2154 862 2240 qui
876 2152 1075 2217 Dioscoridis
1098 2150 1288 2216 (1611616116

135 2255 258 2322 medica
288 2255 385 2321 libros
418 2258 557 2320 continet
585 2257 653 2322 cod.
676 2255 934 2321 Vindobonensis
959 2254 986 2320 O
1018 2257 1101 2319 inter
1130 2253 1287 2319 Chirones

133 2359 323 2424 Machaones
344 2359 504 2445 Pamphili
525 2361 659 2446 praebet
678 2360 849 2444 imaginem
858 2362 897 2445 3),
915 2398 950 2408 -
970 2359 1026 2424 sed
1048 2359 1166 2422 scimus
1188 2358 1286 2422 etiam

134 2463 323 2526 testimoniis
351 2463 535 2526 certissimis
562 2486 635 2528 eum
664 2462 742 2528 tales
772 2463 959 2548 scriptores,
990 2460 1099 2548 quales
1123 2482 1212 2526 nunc
1242 2459 1288 2524 di·

136 2566 250 2650 cimus,
285 2566 318 2628 in
350 2563 528 2650 glossarum
557 2589 652 2652 opere
683 2565 834 2630 adhibere
864 2586 930 2627 non
960 2563 1170 2650 dedignatum
1203 2585 1287 2629 esse:

98 2669 100 2672 ’
135 2669 336 2755 Epaonetum
358 2667 429 2732 dico
452 2678 484 2733 ct
504 2668 681 2750 Iatroclem,
704 2690 838 2754 quorum
858 2665 911 2730 illo
932 2668 997 2732 iam
1011 2666 1237 2733 Artemidorus
1255 2667 1289 2728 in

135 2772 249 2857 glossis
279 2772 481 2858 opsartyticis
508 2794 584 2836 usus
613 2780 689 2842 erat,
744 2771 887 2836 Tertium
915 2769 1093 2835 addiderim
1117 2791 1182 2856 quo
1205 2790 1289 2832 com-

135 2874 281 2940 mendem
309 2897 415 2939 meam
445 2876 640 2957 sententiam,
668 2899 688 2939 a
707 2882 822 2938 161116.
843 2875 947 2960 operis
975 2875 1047 2958 περὶ
1066 2877 1215 2954 γλωσσῶν
1236 2873 1290 2937 καὶ

136 2976 337 3058 ὀνομάτων
359 2979 489 3042 minime
511 2977 689 3061 abhorrere,
710 2978 808 3040 immo
830 2978 1043 3042 necessarium
1064 2975 1161 3062 plane
1175 2974 1289 3057 videri,

135 3090 249 3146 utnon
263 3079 365 3145 solum
381 3080 420 3146 de
434 3079 566 3145 vocibus
581 3089 613 3146 et
626 3078 818 3161 nominibus,
841 3079 897 3145 sed
912 3077 1061 3145 derebus
1076 3079 1157 3165 ipsis
1173 3078 1290 3142 fiamus

135 3185 299 3267 certiores;
321 3205 422 3270 aeque
437 3205 474 3248 ac
488 3206 553 3247 >nos
576 3185 602 3247 si
617 3182 878 3269 encyclopaedias
899 3180 999 3247 reales
1021 3181 1159 3264 adimus,
1182 3180 1292 3245 doceri

134 3287 290 3368 volumus,
314 3309 395 3372 quae
418 3287 531 3372 cuique
553 3285 670 3351 herbae
690 3287 766 3349 insit
779 3287 839 3370 vis,
860 3308 928 3368 nec,
951 3295 987 3350 ut
1007 3286 1091 3350 intra
1111 3284 1194 3348 fines
1209 3285 1292 3348 anti·

135 3390 264 3476 quitatis
286 3411 337 3453 me
360 3390 546 3471 contineam,
575 3388 691 3453 Pollux
720 3391 841 3476 sprevit
862 3390 1057 3455 medicorum
1080 3385 1181 3475 [velut
1202 3385 1290 3475 Rufi]

134 3501 299 3558 auctorum
322 3492 361 3556 de
383 3493 573 3576 cynegeticis
596 3492 739 3576 aliorum,
768 3492 926 3580 aquibus
947 3491 1104 3556 rhetorica
1124 3512 1231 3576 aeque
1254 3510 1293 3552 ac

135 3597 342 3682 grammatica
363 3596 443 3658 ratio
464 3595 577 3681 procul
598 3605 676 3680 erat,
700 3597 823 3661 scrinia.

212 3776 238 3842 1)
258 3777 308 3840 III,
328 3776 419 3827 8561.

208 3869 237 3931 2)
256 3869 278 3932 1,
302 3869 344 3918 16
365 3867 459 3934 [2601.

207 3960 237 4024 3)
259 3961 290 4012 cf.
311 3960 341 4011 P.
358 3962 494 4011 Lambecii
513 3965 655 4012 comment.
676 3960 708 4010 (16
728 3960 790 4010 bibl.
808 3962 885 4012 Vind.
905 3962 922 4012 l.
942 3962 970 4011 11
991 3977 1014 4012 c.
1031 3962 1053 4011 7.
1073 3978 1100 4027 p.
1121 3961 1164 4010 ed.
1179 3962 1206 4011 1:
1227 3962 1292 4012 519.

72 4060 76 4065 '
135 4055 187 4104 542
208 4071 265 4121 sqq.
287 4054 328 4104 ed.
347 4055 388 4104 II:
411 4054 459 4101 141
476 4071 532 4120 sqq.
571 4053 724 4102 Montefalc.
744 4053 878 4119 palaeogr.
901 4070 988 4119 graec.
1012 4054 1071 4103 195.
1111 4053 1246 4120 Sprengel
1264 4056 1293 4103 in

81 4174 91 4191 ι.
136 4147 219 4219 praef.
241 4148 275 4197 ad
294 4147 335 4198 ed.
355 4146 520 4197 Dioscoridis
542 4163 568 4212 p.
590 4145 691 4195 XVIII.
