2618 4614
599 208 640 272 59

127 435 170 478 ce.
187 412 329 478 XXVII.
365 414 436 495 „De
449 412 533 478 ludis
548 411 761 478 circensibus“
784 422 816 478 et
830 411 990 477 XXVIII.
1009 414 1078 498 „De
1094 414 1196 478 circo“

81 539 114 603 [q.
136 517 174 580 of.
198 515 261 580 ὅσα
283 517 314 581 ἐν
338 515 535 605 ἱπποδρόμῳ.

127 641 171 684 co.
194 619 299 684 XLII.
327 620 398 694 „De
420 618 563 683 theatro“
587 626 619 683 ct
640 617 761 682 XLIII.
795 618 867 700 „De
889 621 1000 683 soena“
1025 626 1057 682 et
1078 618 1197 684 XLIV.

81 723 117 786 lle
137 721 317 787 orchestra“
343 744 413 808 sqq.
436 721 475 786 cf.
497 719 559 786 ὅσα
581 721 613 786 ἓν
634 719 770 809 θεάτρῳ.

127 846 169 890 cc.
193 824 264 889 LII.
297 825 368 907 „De
389 823 639 911 amphitheatro“
663 832 695 888 et
716 823 804 888 LIII.
840 823 911 897 „De
939 824 1014 890 ludo
1037 828 1197 911 equestri“

97 926 178 991 LIV.
204 927 275 1010 „De
296 929 463 993 retiariis“.
508 927 546 992 cf.
570 927 632 993 ὅσα
655 927 686 991 ἓν
708 925 928 1013 ἀμφιθεάτρῳ.

125 1029 162 1094 L.
178 1029 272 1094 XIX.
307 1031 378 1113 „De
399 1029 545 1114 navibus,
568 1029 719 1094 aedificiis
742 1038 774 1094 et
793 1028 968 1094 vestibus“.
1012 1053 1055 1096 co.
1077 1031 1103 1095 I.
1127 1030 1198 1103 „De

81 1133 196 1197 ivibus“
229 1140 261 1197 et
281 1133 324 1197 II.
357 1133 426 1215 „De
449 1133 594 1219 partibus
615 1134 747 1196 navium
775 1141 807 1197 et
829 1135 1052 1197 armamentis“
1083 1142 1115 1198 et
1136 1133 1197 1198 HI.

81 1236 116 1300 Ic
136 1234 236 1300 velis“
259 1244 291 1301 ct
312 1236 370 1301 IV.
395 1237 465 1319 „De
486 1234 636 1300 funibus“
660 1244 692 1300 et
713 1235 752 1300 V.
778 1236 848 1319 „De
870 1235 1022 1300 retibus“.
1065 1236 1104 1301 cf.
1128 1239 1200 1322 περὶ

81 1342 208 1416 turilias.

127 1441 244 1528 Capita
259 1464 341 1528 quae
356 1450 517 1506 secuntur:
540 1441 612 1524 „De
627 1439 790 1506 fabrorum
811 1440 1003 1525 fornacibuS,
1026 1440 1065 1506 de
1082 1443 1197 1505 instru-

81 1547 157 1609 entis
178 1545 341 1610 fabrorum
364 1551 442 1609 etc.“
466 1566 538 1608 cum
561 1546 633 1631 περὶ
655 1543 802 1625 οἰκήσεως
823 1544 1038 1631 comparanda
1061 1554 1144 1609 sunt.

127 1670 152 1712 c.
176 1647 282 1711 XVII.
306 1648 377 1730 „De
400 1646 587 1712 coloribus“.
632 1647 671 1711 of.
694 1650 766 1736 περὶ
787 1647 966 1736 χρωμάτων.

127 1749 242 1836 Capita
255 1749 330 1814 inde
345 1773 365 1814 a
379 1749 454 1815 XX.
478 1750 519 1815 ad
540 1751 636 1814 finem
657 1751 815 1836 imprimis
836 1750 948 1815 XXII.
974 1751 1044 1834 „De
1065 1751 1198 1814 nomini-

81 1855 260 1918 investium
282 1858 488 1918 ceterarum“.
525 1853 649 1917 XXIV.
666 1861 698 1917 et
712 1853 819 1918 XXV.
844 1854 914 1927 „De
929 1853 1053 1940 palliis“
1077 1876 1102 1918 o.
1125 1856 1198 1942 περὶ

81 1960 171 2021 μείων
191 1956 395 2042 respondent.

127 2081 152 2123 c.
175 2058 317 2123 XXVII.
342 2059 412 2144 „De
433 2058 545 2123 lanis“.
589 2056 627 2123 cf.
651 2060 723 2142 περὶ
745 2059 843 2146 ἐρίων.

127 2161 162 2226 L.
185 2161 260 2226 XX.
297 2165 473 2242 συμποτικά
500 2161 642 2243 ὀνόματα
668 2161 809 2247 praebet.
862 2185 888 2226 c.
910 2162 953 2227 ΙΙ.
987 2164 1058 2246 „De
1086 2164 1196 2228 escis“.

81 2262 91 2326 ἶ.
116 2267 183 2353 περὶ
212 2265 392 2353 βρωμάτων.
442 2286 468 2329 c.
491 2264 550 2329 III.
582 2264 653 2347 „De
682 2270 790 2350 potu“.
847 2265 886 2330 cf.
916 2268 988 2351 περὶ
1018 2271 1116 2331 ποτοῦ
1146 2265 1197 2331 vel

83 2389 157 2431 οτων.
623 2391 626 2398 ’

130 2471 216 2534 Vasa
236 2471 429 2558 coquinaria,
455 2472 589 2557 potoria,
622 2469 746 2534 vinaria
765 2469 934 2534 luminaria
956 2471 1026 2536 sim.
1050 2479 1198 2536 secuntur

81 2571 121 2636 ule
141 2597 166 2637 a.
189 2595 215 2638 c.
238 2574 296 2638 IV.
319 2573 360 2638 ad
382 2573 424 2638 X.
452 2574 486 2637 in
515 2572 677 2658 glossariis
704 2572 879 2637 secundum
908 2576 1073 2639 materiam
1095 2575 1197 2639 distri-

81 2685 137 2739 ·uta:
157 2679 228 2763 περὶ
249 2678 394 2765 χρυσέων,
419 2677 575 2765 ἀργυρέων
597 2685 654 2741 etc.

130 2800 170 2843 cc.
192 2779 379 2844 XI—XIII.
422 2781 492 2862 „De
511 2779 610 2859 *lectis
640 2787 672 2843 et
692 2777 786 2864 sellis,
814 2779 854 2844 de
875 2778 1037 2863 vehiculis,
1066 2780 1106 2844 de
1128 2779 1197 2843 reli-

81 2880 136 2963 μίε,
163 2905 245 2970 quae
273 2883 308 2945 in
335 2905 397 2946 usu
425 2880 599 2947 habentur“
631 2905 656 2947 c.
688 2883 760 2966 περὶ
790 2883 967 2963 ἐνδομενίας
996 2883 1197 2969 potissimum

81 2985 247 3068 *espondent

132 3108 170 3152 cc.
193 3087 285 3153 XIV.
320 3088 390 3169 „De
411 3089 629 3153 instrumentis
650 3089 795 3152 rusticis“
825 3095 857 3152 et
878 3087 951 3152 XV.
991 3089 1060 3172 „De
1081 3088 1197 3151 instru-

81 3191 158 3254 nentis
178 3190 373 3256 hortorumss.
417 3191 455 3256 cf.
478 3194 550 3276 περὶ
570 3191 732 3280 ἐργαλείων
753 3189 946 3275 ἀγροικικῶν.

133 3293 191 3358 Sed
213 3294 335 3359 dudum
356 3294 505 3359 lectorem
527 3295 676 3358 miratum
698 3302 786 3380 puto,
813 3317 869 3358 eur
890 3294 962 3357 Iulii
983 3292 1120 3357 Pollucis
1143 3293 1196 3358 ad-

81 3413 114 3456 uo
130 3397 292 3463 immemor
312 3397 426 3462 fuerim
448 3398 643 3462 onomastici.
688 3397 782 3477 Quod
805 3397 933 3483 quidem
955 3419 1035 3482 opus
1058 3396 1098 3460 ad
1115 3395 1197 3461 hanc

81 3504 180 3564 zeutem
200 3522 260 3586 pro
276 3522 388 3564 norma
410 3499 489 3564 solet
511 3498 665 3582 adhiberi,
689 3502 715 3563 si
738 3501 809 3586 quis
826 3501 1091 3563 onomasticorum
1106 3509 1195 3563 natu-

81 3616 120 3662 ·an
143 3610 189 3666 est
216 3602 441 3688 explicaturus.
485 3603 536 3667 Ita
557 3603 657 3668 Meier
678 3605 711 3666 in
732 3603 858 3668 Erschii
880 3611 911 3667 et
934 3602 1072 3667 Gruberi
1092 3601 1194 3666 lexico

81 3704 309 3791 acyclopacdico
332 3728 356 3770 s.
371 3729 401 3770 v.
425 3703 632 3787 ὀνομαστικόν
653 3708 819 3792 proprium
837 3706 963 3791 putavit
977 3706 1087 3771 talium
1102 3704 1196 3770 libro·

81 3821 132 3888 un,
153 3816 188 3871 ut
213 3831 309 3894 quem
331 3818 482 3897 sequatur
503 3809 646 3873 ordinem
667 3819 778 3874 auctor
798 3811 831 3872 in
853 3808 1009 3895 capitibus
1032 3831 1195 3873 conseren-

81 3900 116 3981 lit
134 3932 221 3994 quam
247 3913 387 3976 maxime
409 3913 450 3975 sit
469 3913 675 3976 inconcinnus
695 3913 888 3997 rationisque
910 3934 1026 3999 expers
1037 3913 1077 3998 ¹),
1107 3913 1194 4000 [quo-

130 4045 150 4105 l)
168 4047 332 4099 Contrarium
346 4050 415 4115 quod
429 4049 461 4099 de
475 4049 596 4100 Suetonii
616 4051 697 4115 pratis
716 4051 821 4114 scimus,
840 4050 1049 4100 Reifferscheidii
1067 4051 1195 4116 imprimis

81 4139 107 4181 ert
119 4140 231 4190 meritum.
