2618 4614
567 203 716 299 *61-

81 428 137 470 um
158 428 201 469 ex
223 426 287 490 quo
308 403 450 488 Augusti
470 405 668 492 temporibus
690 405 867 489 Dionysius
882 404 1171 469 Halicarnassensis
1193 414 1225 470 et

81 507 225 573 {cecilius
252 505 436 572 Calactinus
466 530 536 590 eos,
565 509 621 595 qui
650 508 784 573 dicendo
814 505 1043 593 scribendoque
1070 506 1225 573 excellere

81 611 192 694 chent,
222 611 264 676 ad
294 611 497 696 antiquorum
526 620 688 676 oratorum
716 610 857 675 studium
882 620 1079 692 revocarunt,
1115 633 1224 675 omnes

81 715 192 799 cimus,
216 722 295 801 quot
316 712 420 778 lexica
440 713 567 778 condita
589 716 652 778 sint
666 713 835 778 dictionem
849 712 990 776 Atticam
1011 735 1126 799 puram
1147 715 1225 778 inte-

81 840 157 901 gram
177 816 408 882 elementorum
431 817 540 881 ordine
562 816 745 904 complexa:
767 817 946 903 praeiverat
967 816 1035 901 ipse
1058 816 1224 902 Caecilius,

81 921 166 987 ecuti
187 927 270 1003 sunt,
292 927 330 983 ut
351 941 491 983 summos
512 929 637 985 tantum
652 941 907 1003 commemorem,
923 918 1033 983 Aelius
1048 921 1224 1005 Dionysius

81 1030 101 1087 d
132 1022 320 1087 Pausaniae.
378 1022 508 1088 Mutatis
544 1020 742 1108 temporibus
778 1021 881 1086 lexica
915 1020 969 1086 illa
1004 1023 1224 1087 Atticistarum

81 1146 130 1190 ron
150 1127 215 1190 iam
238 1125 444 1210 suffecerunt,
467 1127 662 1191 onomastica
677 1148 804 1211 quoque
827 1147 1138 1211 synonymorumque
1160 1126 1225 1189 the·

81 1228 153 1291 auri
173 1229 208 1291 in
229 1251 324 1292 usum
346 1227 507 1293 rhetorum
527 1228 715 1292 discentium
731 1230 875 1294 conversi
890 1238 973 1310 sunt,
996 1228 1224 1314 quibusquam

81 1353 148 1396 sene
175 1330 395 1396 commoditati
421 1332 594 1396 dicentium
621 1333 785 1417 provisum
814 1333 868 1413 sit,
899 1331 1102 1395 manifestum
1134 1341 1222 1419 puto.

81 1431 167 1498 tuias
189 1434 353 1499 rhetorum
368 1435 586 1520 praeceptoris
601 1433 662 1498 hoc
676 1434 771 1499 fuerit
793 1435 924 1522 ἕρμαιον
944 1436 1117 1518 nescimus,
1141 1445 1225 1499 certe

81 1534 144 1600 iecit
168 1536 231 1601 huc
258 1536 393 1623 Telephi
422 1538 624 1622 grammatici
650 1537 840 1623 Pergameni
872 1535 1054 1619 ὠκυτόκιον,
1088 1537 1127 1602 de
1161 1560 1223 1623 quo

81 1637 200 1706 3uidas:
229 1640 296 1705 ἔστι
324 1640 359 1705 δὲ
386 1638 540 1722 συναγωγὴ
572 1641 725 1706 ἐπιθέτων
752 1642 795 1714 εἰς
817 1639 853 1705 τό
877 1639 954 1704 αὐτὸ
977 1645 1104 1727 πρᾶγμα
1126 1640 1224 1728 ἅρμο-

81 1741 183 1821 {duur
212 1743 293 1830 πρὸς
325 1744 451 1823 ἕτοιμον
478 1743 629 1832 εὐπορίαν
657 1743 816 1830 φρόοεως;
850 1744 939 1806 cuius
967 1745 1071 1829 operis
1106 1754 1224 1829 quanta

81 1843 163 1910 luerit
182 1869 256 1910 cum
278 1845 469 1932 quibusdam
490 1845 628 1911 Pollucis
656 1846 802 1934 partibus
828 1845 1010 1929 similitude,
1036 1848 1224 1912 miraremur

81 1957 156 2035 puto,
181 1949 209 2014 si
230 1958 392 2014 servatum
414 1952 542 2031 esset1).
571 1949 652 2031 ,Qui
672 1949 764 2013 nobis
787 1949 880 2013 huius
902 1950 1064 2013 rhetorum
1088 1949 1224 2014 Graeco-

81 2072 141 2114 rum
167 2051 264 2116 studii
293 2061 534 2117 monumentum
563 2061 669 2117 exstat
697 2051 826 2134 Pollux,
861 2052 1032 2116 dicentium
1064 2061 1096 2116 et
1124 2052 1224 2117 decla-

81 2155 224 2218 mantium
245 2156 319 2219 usui
341 2178 375 2220 se
396 2156 552 2220 inservire
569 2154 717 2238 voluisse,
739 2178 803 2219 non
818 2164 961 2219 veterum
984 2156 1109 2241 scriptis
1125 2156 1224 2241 expli-

82 2256 179 2320 candis
205 2256 258 2322 vel
284 2257 412 2344 linguae
435 2257 579 2324 Graecae
606 2257 754 2323 thesauro
781 2257 946 2321 condendo
971 2257 1055 2322 hunc
1082 2257 1223 2323 laborem

87 2472 136 2545 περὶ
156 2473 280 2544 στρατιᾶς
304 2477 332 2540 I,
360 2476 419 2528 126.
442 2478 502 2526 127.
525 2475 585 2527 176.
612 2473 672 2525 177.
700 2503 738 2510 —-
765 2475 826 2543 περὶ
861 2471 994 2546 ἀρχόντων
1021 2477 1048 2535 Ι,
1076 2476 1135 2527 128.
1163 2478 1222 2527 129.

89 2564 178 2618 uua
196 2563 260 2635 λέγω
278 2563 309 2618 δὲ
327 2565 373 2618 νῶν
391 2561 423 2618 oo
437 2561 507 2640 πρὸς
526 2562 659 2640 ἀκρίβειαν
671 2566 745 2619 ταυτὶ
757 2561 790 2616 τά
810 2561 948 2636 ὀνόματα·
963 2565 1063 2638 μακροῦ
1077 2561 1126 2636 γὰρ
1139 2567 1223 2619 ταῦτα

91 2651 157 2708 δεῖται
172 2657 265 2730 καιροῦ
284 2658 329 2710 καί
347 2653 436 2725 λόγου.
449 2689 486 2696 -
499 2659 559 2731 περὶ
576 2659 701 2731 γεωργίας
719 2661 741 2724 I,
763 2659 915 2710 aar-223.
934 2688 971 2694 -
989 2658 1050 2729 περὶ
1069 2652 1223 2728 ἀμπελῶνος

91 2747 257 2820 napaeos
276 2753 302 2817 1,
323 2752 386 2802 κκι.
406 2752 468 2804 aas.
489 2751 571 2818 [κιεγ.
594 2781 631 2790 -
655 2746 822 2823 περιοικίσι
844 2752 871 2815 1,
893 2752 954 2803 κιο.
975 2779 1012 2786 -
1030 2747 1224 2822 περιθέωμεν

93 2839 110 2904 I,
124 2841 264 2896 teo-238.
286 2843 539 2911 [mineth—244]¹
565 2873 602 2881 -
627 2843 688 2914 περὶ
706 2840 844 2914 ἐργαλείων
863 2837 1013 2914 ἀγροικικῶν
1035 2844 1057 2907 Ι,
1078 2844 1139 2894 245.
1160 2845 1222 2894 246.

97 2927 244 3002 [ast-253}
271 2964 310 2972 -
337 2935 398 3008 περὶ
415 2931 535 3005 λαχάνων
554 2938 576 3002 Ι,
597 2938 660 2987 247.
689 2965 726 2973 -
752 2935 813 3007 περὶ
832 2929 948 3007 ὀσπρίων
966 2937 988 2995 Ι,
1009 2936 1070 2986 247.
1099 2964 1136 2971 -
1163 2935 1223 3008 περί

99 3013 157 3094 ἔμω
172 3029 193 3090 1,
212 3028 275 3080 aas.
304 3056 342 3064 -
369 3028 430 3100 περι
448 3026 522 3080 ουτω
542 3030 604 3080 248.
632 3059 668 3066 -
697 3026 757 3099 περὶ
774 3021 878 3096 ἡλικιῶν
896 3029 938 3089 11,
958 3029 984 3078 4.
1004 3028 1102 3078 s-1s.
1123 3028 1166 3078 21.
1186 3057 1223 3064 -

99 3115 139 3186 πυρί
154 3117 233 3187 μελῶν
252 3113 425 3190 ἀνθρωπίνων
444 3122 486 3186 ΙΙ,
506 3121 642 3173 22-236.
662 3151 697 3157 —
719 3118 780 3190 περὶ
799 3118 944 3184 συγγενείας
962 3121 1012 3184 ΙΠ,
1033 3121 1056 3171 5.
1078 3122 1103 3171 6.
1124 3121 1222 3171 8-30.

102 3210 186 3280 -πυρὶ
202 3204 288 3281 γόμου
306 3213 357 3278 ΙΠ,
378 3211 402 3264 7.
422 3213 539 3263 31-47.
568 3241 605 3248 ——
632 3211 693 3284 περὶ
716 3209 767 3261 τῶν
784 3213 839 3262 κατ’
865 3208 964 3284 ἀγορὰν
990 3206 1149 3283 πραγμάτων
1170 3215 1222 3279 ΙΙΙ,

103 3295 189 3356 84-87.
215 3333 253 3341 -
280 3303 341 3375 περί
358 3303 483 3373 ποταμῶν
501 3306 556 3370 ΠΙ,
580 3305 640 3355 103.
660 3305 707 3356 sed
726 3321 760 3354 ne
780 3305 822 3355 hic
842 3306 947 3371 quidem
966 3306 1072 3370 singuli.
1100 3335 1136 3340 -
1163 3305 1224 3375 περὶ

104 3380 179 3454 troo
194 3394 237 3446 και
254 3393 377 3468 θεωριῶν
394 3397 445 3462 111,
463 3397 616 3448 τοο-ωε.
642 3425 678 3432 -
704 3387 757 3447 ὅσα
776 3393 803 3447 ἐν
821 3395 856 3466 τῷ
875 3391 983 3468 θεάτρῳ
1002 3399 1047 3461 ιν,
1069 3400 1222 3449 121-137.

81 3512 84 3537 ι
104 3486 187 3558 *aspi
205 3486 321 3560 ἰατρικῆς
338 3490 389 3554 IV,
413 3489 565 3541 177-180.
584 3519 620 3526 —
638 3488 700 3559 περὶ
720 3482 838 3557 ἀρμόνων
857 3487 977 3559 ἰατρικῶν
995 3491 1047 3555 IV,
1070 3489 1223 3542 181-183.

105 3577 188 3648 -περὶ
209 3578 330 3649 κυνηγίας
348 3583 386 3647 V,
406 3582 504 3633 9—85.
530 3612 566 3618 —
589 3584 621 3633 In
640 3583 707 3633 libro
727 3587 801 3632 sexto
824 3583 973 3647 sympotica
993 3575 1112 3650 ὀνόματα
1131 3599 1223 3632 recen·

106 3673 180 3719 cour:
200 3671 261 3744 περὶ
278 3671 365 3724 ποτῶν
383 3675 433 3739 VI,
456 3674 570 3726 14—20.
598 3704 635 3710 -
662 3674 722 3746 περὶ
741 3667 886 3745 βρωμάτων
904 3675 956 3737 VI,
976 3675 1092 3724 32—40.
1112 3676 1157 3724 45.
1178 3676 1223 3726 46.

108 3754 135 3808 ts.
149 3759 183 3815 u.
203 3762 245 3815 72.
269 3792 307 3802 —-
331 3765 392 3838 περὶ
411 3760 511 3835 ἰχθύων
528 3768 579 3832 VI,
600 3766 717 3817 47-51.
736 3795 772 3801 -
790 3764 851 3836 περὶ
869 3763 971 3834 θηρίων
990 3761 1158 3837 τετραπόδων
1176 3768 1223 3826 VI,

109 3847 137 3900 λλ·
151 3851 185 3905 5³·
202 3883 237 3892 -
255 3856 317 3929 περί
333 3851 454 3926 λαγόνων
473 3860 517 3924 VI,
538 3859 581 3909 54.
602 3858 644 3912 55.
664 3888 701 3895 -
719 3856 779 3927 περὶ
797 3853 878 3928 κρέως
896 3859 943 3923 VI,
963 3859 1008 3911 55.

160 3943 182 4011 l)
204 3949 284 4000 Mirus
307 3950 426 4015 profecto
450 3956 490 4001 est
515 3966 593 4001 casus
616 3951 686 4000 hunc
706 3966 810 4017 quoque
829 3951 925 4001 librum
945 3952 1036 4002 decem
1055 3951 1223 4016 complexum

112 4027 318 4127 hissejolumina.
344 4071 381 4079 -
406 4043 495 4093 Etiam
519 4043 552 4094 de
570 4043 713 4109 Phrynichi
737 4041 872 4113 σοφιστικῂ
892 4040 1042 4115 παρασκευῇ
1066 4043 1146 4093 νοτίου
1167 4060 1223 4094 mo-

114 4127 196 4182 nendum
213 4139 275 4185 erat.
