2618 4614
539 210 689 310 Q-

88 409 274 496 Eulcgium
304 411 425 475 fontem
453 413 506 498 qui
529 413 614 477 idem
638 435 719 500 opus
740 413 882 479 iudicant
903 422 998 500 atquc
1019 415 1191 503 epitomam

69 570 71 576 ,
97 512 269 600 Pamphili
301 535 396 600 opere
425 513 466 578 ab
496 515 608 581 eodem
637 518 843 602 grammatico
872 540 899 581 κ.
930 533 976 581 ou.
1006 515 1091 581 illam
1121 539 1192 581 con-

69 625 146 681 rtam
162 617 279 682 Ranke
302 615 447 681 Schmidt
467 616 530 700 alii,
553 641 625 682 cum
646 641 710 683 non
732 618 834 683 solum
848 618 897 683 his
920 620 1087 706 capitibus,
1111 642 1192 706 quac

69 721 183 806 tposui,
216 718 274 783 scd
303 719 398 784 etiam
423 721 553 785 musicis
574 719 746 808 lyricisque
769 745 841 786 cum
862 721 1024 807 Hesychio
1047 730 1192 787 accurate

69 823 230 908 ›mperatis
246 823 360 887 miram
373 823 551 889 invenirent
565 823 743 909 glossarum
764 834 795 890 et
817 824 1065 912 explicationum
1087 825 1193 890 simili-

69 924 197 1006 dinem,
227 924 268 990 de
296 949 330 990 rc
351 934 458 991 actum
479 936 633 1012 putarunt
654 926 968 1014 demonstratumque
989 929 1193 993 haecomnia

69 1028 240 1092 thenaeum
261 1027 377 1094 debere
398 1029 576 1115 Pamphile.
619 1030 732 1117 ltaque
755 1031 798 1096 M.
823 1029 968 1096 Schmidt
988 1031 1192 1118 Pamphilum

69 1131 251 1196 rAthenaei
263 1131 353 1196 libris
368 1131 476 1196 I—VI
497 1133 559 1197 sibi
579 1134 745 1198 restituere
766 1134 854 1198 meus
875 1142 924 1198 est
944 1132 1059 1219 glossis
1078 1136 1192 1198 horum

69 1234 189 1298 brorum
226 1234 400 1300 secundum
437 1234 664 1300 elementorum
700 1235 842 1300 ordinem
875 1258 947 1300 cum
979 1235 1192 1321 Hesychianis

69 1336 156 1401 >latis
167 1339 203 1422 ¹).
249 1337 313 1402 Sed
328 1337 467 1403 oblocuti
482 1346 556 1402 sunt
570 1339 695 1404 Rankio
710 1336 871 1420 Welcker,
888 1337 1063 1403 Schmidtio
1072 1339 1194 1404 Weber

69 1440 316 1527 εριεργοπένητας
347 1462 412 1504 non
444 1440 528 1505 idern
560 1442 658 1506 fuisse
691 1463 771 1526 opus
803 1442 864 1504 rati
896 1449 992 1527 atque
1019 1442 1192 1527 epitomam

70 1542 266 1629 amphilcam,
297 1565 393 1628 quam
424 1544 605 1629 opinionem
631 1543 791 1609 Rohdium
819 1565 945 1630 quoque
974 1552 1005 1608 et
1029 1545 1193 1631 Bappium

69 1645 202 1731 mplexos
239 1645 342 1710 video.
406 1645 557 1730 Magnam
600 1645 839 1711 similitudinem
881 1646 1076 1711 intercedere
1111 1648 1193 1711 inter

69 1747 191 1833 [esychii
212 1755 244 1812 et
265 1749 421 1812 Athenaei
443 1748 565 1833 glossas
587 1771 627 1813 ne
648 1747 694 1812 illi
716 1748 844 1835 quidem
866 1757 1037 1835 negarunt:
1060 1748 1117 1814 sed
1139 1749 1192 1813 ali-

69 1849 122 1915 nde
150 1874 222 1915 cam
250 1853 482 1938 repetiverunt:
513 1875 554 1916 ex
575 1849 716 1916 fontibus
737 1851 905 1939 Pamphilo
926 1852 1193 1939 Diogenianoque

69 1953 259 2019 ommunibus
281 1955 315 2018 in
329 1957 440 2041 primis
455 1954 608 2040 Didymo.
652 1954 723 2040 Ego
738 1953 899 2019 Rankium
916 1954 1191 2042 Schmidtiumque

69 2062 165 2120 ocutus
187 2065 219 2120 et
241 2080 282 2122 ex
297 2056 461 2122 Athenaeo
478 2078 550 2121 cum
565 2056 726 2142 Hesychio
749 2056 860 2123 collato
879 2056 960 2122 hanc
975 2060 1192 2145 quaestionem

69 2157 118 2220 olvi
139 2181 235 2244 posse
257 2168 345 2224 ratus
365 2159 507 2226 laborem
523 2159 648 2245 suscepi
662 2159 819 2225 Athenaei
833 2161 930 2226 totius
946 2182 1017 2224 cum
1030 2159 1191 2246 Hesychio

69 2261 228 2327 onferendi.
273 2262 363 2342 Quae
379 2261 524 2327 Schmidt
537 2261 626 2326 libris
642 2285 700 2327 sex
721 2264 833 2349 primis
854 2264 1022 2350 praestitit,
1045 2262 1192 2328 omnibus

69 2386 143 2428 reum
164 2366 198 2428 in
214 2387 307 2428 usum
329 2366 490 2450 praestiti:
514 2365 569 2429 sed
591 2387 704 2430 vercor
724 2388 764 2431 ne
786 2367 897 2454 paucis
919 2374 1042 2430 tantum
1063 2389 1192 2452 persua-

69 2489 130 2530 cam
138 2492 146 2547 3
162 2466 241 2532 adeo
256 2469 290 2531 in
304 2468 401 2534 breve
412 2476 592 2533 contractae
607 2477 767 2534 coartatae
782 2467 964 2534 decurtatae
979 2467 1103 2555 glossae
1118 2478 1192 2533 sunt

69 2569 270 2655 lesychianae.
312 2571 426 2657 Itaque
449 2594 641 2657 quamquam
663 2571 741 2634 mihi
762 2593 949 2656 persuasum
971 2581 1020 2636 est
1039 2572 1191 2658 Diogeni-

69 2693 144 2755 num,
167 2695 239 2737 cum
262 2675 539 2759 περιεργοπένητας
558 2673 707 2756 condidit,
731 2682 786 2737 aut
800 2674 841 2739 ad
855 2673 1058 2760 Pamphilum
1073 2676 1189 2761 ipsum,

69 2775 145 2858 [uoad
172 2778 287 2862 potuit,
317 2786 372 2841 aut
399 2777 439 2842 ad
461 2776 586 2841 Vestini
615 2778 788 2863 epitomam
809 2778 979 2841 recurrisse
1000 2785 1056 2842 aut
1077 2778 1104 2841 si
1125 2779 1191 2864 epi-

69 2897 156 2942 omam
187 2901 278 2944 suam
308 2881 372 2944 iam
401 2879 587 2963 confecerat,
618 2903 656 2944 ea
683 2901 741 2965 pro
770 2878 976 2944 fundamento
1004 2901 1097 2942 usum
1120 2902 1189 2945 esse

69 2981 116 3043 tovi
136 2982 239 3067 operis
261 3021 303 3032 —
323 2982 384 3047 hoc
398 2983 482 3047 enim
503 3004 562 3068 pro
584 2980 667 3046 illius
688 2983 801 3046 aetatis
822 2981 999 3047 rationibus
1020 2982 1120 3047 multo
1142 2991 1190 3048 cst

69 3084 109 3148 reri
121 3084 251 3149 similius
266 3087 385 3171 paratis
400 3085 537 3171 dapibus
552 3085 623 3169 frui,
647 3107 742 3171 quam
756 3084 897 3150 laborem
911 3085 1103 3172 improbum,
1126 3109 1188 3172 quo

69 3184 202 3252 diierant
224 3188 391 3275 perfuncti,
421 3187 524 3253 denuo
551 3189 706 3252 sustinere
734 3227 777 3236 —
803 3211 997 3274 quamquam
1018 3189 1116 3273 igitur
1136 3212 1188 3254 vc-

69 3289 134 3373 digia
147 3293 251 3378 operis
266 3289 445 3377 Pamphilei
459 3313 517 3377 per
531 3289 727 3376 Hesychium
749 3289 887 3376 plurima
908 3299 1034 3356 exstare
1049 3290 1187 3378 cred02),

69 3494 97 3530 us
111 3498 175 3534 esec.
189 3483 267 3532 XIII.
288 3482 320 3532 cf.
336 3482 459 3533 Scherer:
478 3483 612 3533 Manuser.
632 3499 685 3535 von
700 3483 737 3534 St.
752 3482 847 3533 Gallen
869 3482 929 3546 127,
944 3482 1005 3533 436.
1028 3482 1070 3547 76,
1084 3482 1137 3531 297
1152 3484 1186 3534 al.

70 3571 112 3624 lem
128 3576 154 3625 in
178 3576 195 3624 l.
225 3575 368 3641 „Incunah
393 3591 446 3626 von
471 3575 509 3626 St.
529 3573 640 3625 cartem
668 3576 721 3624 353
741 3590 795 3641 sq.:
821 3574 1017 3640 „Dicticnarius
1040 3591 1186 3642 pauperum

69 3668 158 3718 insibus
176 3667 250 3719 verbi
270 3667 352 3718 divini
371 3669 580 3733 predicatoribus
599 3666 829 3734 pemecessarius“
858 3668 1029 3734 Argentorati
1049 3667 1129 3720 1516.

115 3760 139 3823 1)
158 3760 191 3812 cf.
212 3763 313 3826 quaest.
333 3760 398 3812 Hes.
417 3761 506 3811 LXXI
525 3777 581 3826 sqq.

115 3852 141 3918 2)
158 3854 256 3904 Nescio
276 3868 339 3902 num
357 3851 409 3902 huc
428 3853 482 3903 sint
500 3853 647 3917 referenda,
668 3868 735 3919 quae
749 3869 769 3903 s.
784 3870 808 3903 v.
828 3847 946 3919 ἐπινομίς
964 3858 991 3904 ct
1009 3850 1096 3922 στῆμα
1114 3853 1186 3918 apud

69 3941 197 4009 lesychium
209 3945 336 4009 legimus:
356 3940 472 4012 ἐπινομὶς
491 3941 518 3995 ἐν
536 3948 592 4006 τοῖς
610 3947 741 4006 ναυτικοῖς
758 3940 859 4008 tetam
873 3949 899 3996 et
912 3943 998 4013 στῆμα
1017 3941 1186 4006 ἐνναυτικοῖς

69 4028 165 4103 siponto
183 4029 385 4108 ἀναγέγραπται,
409 4053 474 4088 voce
492 4030 600 4087 ναυτικά
623 4036 656 4087 dc
682 4040 755 4086 certa
773 4035 921 4102 Pamphilei
946 4037 1032 4102 operis
1051 4040 1126 4101 parte
1145 4037 1186 4087 in-

69 4127 152 4178 ellectu.

925 4211 969 4276 esis
