2618 4614
558 217 707 318 -42—

82 422 195 499 ώσσας
218 425 391 506 συνήγαγεν,
418 422 534 509 quibus
559 418 726 507 probabile
752 426 800 482 est
829 439 902 480 eum
931 416 1004 501 περὶ
1026 412 1204 502 βρωμάτων,
1268 479 1271 484 ,

82 530 125 611 ρὶ
154 533 271 610 ποτῶν,
304 528 376 612 περὶ
402 525 551 607 λαχάνων,
580 525 651 609 περὶ
678 520 825 608 ὀσπρίων,
859 520 932 607 περὶ
962 516 1110 603 δευτέρας
1131 536 1206 602 τρα-

82 639 147 712 εζης
170 630 327 695 similibus
349 630 453 714 egisse
464 630 499 714 ¹).

138 735 169 796 A
184 733 280 799 rebus
303 732 418 819 quibus
433 731 591 795 vescimur
613 728 654 793 ad
669 728 731 792 alia
751 728 867 815 quibus
882 728 1001 791 utimur
1020 749 1080 791 nos
1094 732 1209 790 vocant

82 835 209 900 licandri
230 835 420 921 Colophonii
443 836 514 917 περὶ
540 834 736 920 χρηστηρίων
758 831 881 896 πάντων
904 832 1003 915 βιβλία
1025 830 1047 912 γ’
1060 830 1102 916 ²),
1133 849 1208 914 quo-

82 1018 140 1084 psius
158 1016 343 1083 Aristophanis
363 1014 529 1080 discipulum,
548 1013 694 1065 Aristarchi
713 1013 901 1077 adversarium,
920 1012 1123 1077 Artemidorum,
1144 1013 1209 1062 Dio-

82 1111 166 1160 lorum:
185 1109 274 1174 plures
293 1109 374 1158 fuisse
393 1112 496 1157 tantum
514 1123 569 1157 non
587 1111 713 1157 testatum
732 1107 889 1158 invenimus.
928 1105 979 1167 Qui
997 1110 1084 1155 utrum
1103 1103 1210 1155 scholae

82 1201 180 1267 ,rorasse
199 1201 284 1264 Tarsi,
304 1200 375 1266 quod
393 1200 477 1251 voluit
494 1199 609 1250 Ahrens:
628 1199 717 1249 Bucol.
740 1199 833 1249 Graec.
853 1198 889 1262 11,
908 1215 934 1263 p.
948 1197 1058 1262 XXVII,
1082 1197 1115 1248 ob
1134 1198 1210 1247 Arte-

82 1294 188 1343 midorum
214 1300 241 1342 et
259 1293 406 1343 Diodorum
430 1292 618 1357 grammaticos
642 1291 788 1340 Tarsenses
816 1306 863 1355 per
888 1289 1044 1340 Strabonem
1062 1290 1137 1354 XIV,
1158 1289 1210 1338 675

82 1383 147 1450 notos]
166 1401 201 1434 an
220 1385 366 1435 studiorum
385 1389 487 1434 tantum
500 1383 607 1434 vinculo
620 1383 717 1433 inerint
735 1383 880 1446 coniuncti,
899 1397 954 1432 non
972 1382 1026 1432 iam
1044 1387 1109 1447 puto
1126 1381 1212 1431 dirimi

82 1492 148 1541 posse.
183 1477 225 1527 Ab
244 1476 295 1526 hac
315 1477 390 1542 quasi
409 1479 482 1526 secta
500 1475 684 1526 Artemidorus
701 1475 806 1525 videtur
825 1473 986 1535 declinasse;
1013 1474 1080 1524 vixit
1099 1473 1212 1524 fortasse

82 1573 155 1632 postea
177 1568 356 1618 Alexandriae
382 1584 441 1618 curn
466 1568 655 1629 Aristarcheis,
683 1568 729 1618 ubi
756 1565 826 1616 filius
856 1568 912 1616 eius
936 1565 1011 1616 Theo
1037 1565 1158 1617 Caesaris
1187 1570 1213 1615 et

83 1653 173 1725 Augusti
198 1665 285 1710 aetate
311 1659 418 1710 scholae
442 1660 627 1710 Aristarcheae
655 1659 706 1709 init
731 1659 855 1723 princeps
885 1656 957 1727 [ante
983 1656 1139 1725 Apionem];
1168 1674 1214 1708 cur

84 1753 135 1802 enirn
152 1753 286 1803 Thoonem
305 1752 388 1802 nostri
408 1752 504 1802 ducam
522 1753 605 1802 lilium
623 1780 659 1786 -·
678 1755 708 1801 ut
725 1750 834 1815 vulgata
853 1754 893 1799 est
912 1748 1002 1815 opinio
1022 1777 1057 1786 —
1076 1766 1126 1800 nec
1145 1750 1213 1800 alius

84 1845 174 1896 alcuius
186 1845 356 1908 Artemidori,
375 1850 470 1916 postea
484 1846 570 1895 dicam
589 1862 616 1911 p.
632 1843 692 1908 107,
712 1843 774 1893 adn.
789 1844 814 1893 3.
845 1842 948 1892 Nomen
966 1842 1032 1893 illud
1051 1842 1084 1893 ab
1099 1843 1214 1892 inimicis

83 1936 124 1985 sire
146 1952 251 1986 severae
279 1938 463 1989 observantiae
482 1936 698 2003 Aristophaneis,
723 1936 747 1985 si
770 1935 823 1985 illis
848 1936 929 1986 etiam
950 1936 1112 2001 temporibus
1131 1939 1214 1998 erant,

84 2027 124 2077 sive
140 2029 266 2079 Crateteis
286 2029 311 2078 ei
328 2029 442 2079 inditum
460 2046 519 2081 esse
537 2034 634 2095 potest.
682 2027 759 2078 Certe
779 2027 916 2092 indignum
936 2043 1029 2078 curse
1052 2028 1215 2094 praestitisse

83 2124 208 2172 statuamus
227 2120 335 2171 scholae
354 2122 474 2188 principe
493 2122 702 2183 Artemidorum,
729 2137 761 2170 eo
781 2121 867 2169 minus
887 2135 984 2170 causae
1004 2123 1053 2184 est,
1076 2135 1135 2170 cnm
1156 2135 1214 2169 eum

82 2224 146 2263 uuum
158 2214 308 2264 noverimus
328 2229 361 2263 ex
373 2213 574 2280 Aristophaneis
593 2213 781 2264 vocabulorum
803 2211 948 2262 secundum
967 2217 1122 2276 argumenta
1141 2211 1214 2261 colli·

82 2305 209 2368 gendarum
221 2306 361 2357 consilium
372 2310 399 2355 et
409 2307 484 2372 qnasi
494 2305 610 2356 officium
622 2306 695 2356 velut
706 2304 852 2355 hereditate
863 2304 896 2354 ab
909 2304 1086 2370 Aristophane
1097 2304 1215 2354 relictum

83 2409 191 2449 servasse.
222 2399 315 2449 Altera
334 2414 366 2448 ex
385 2404 460 2464 parte
480 2399 592 2463 vestigia
610 2398 730 2462 magistri
744 2398 840 2463 pressit
851 2398 880 2447 in
892 2397 1040 2462 glossarum
1053 2397 1213 2447 diversarum

81 2491 182 2552 gentium
207 2490 416 2556 colligendarum
443 2491 531 2542 studio
557 2491 705 2555 Diodorus,
734 2490 779 2557 qui
806 2489 909 2554 glossas
937 2489 1045 2540 italicas
1073 2489 1214 2555 congessit.

83 2575 116 2644 [ci.
131 2582 223 2634 Athen.
242 2583 290 2648 XI,
310 2581 381 2633 itas
403 2581 448 2648 aL]

142 2673 169 2736 1)
186 2673 271 2724 Multa
291 2679 361 2725 certe
381 2677 407 2725 ci
424 2676 634 2742 suppeditarunt,
654 2690 719 2740 quos
739 2674 845 2724 aliunde
862 2689 965 2740 quoque
985 2678 1089 2725 constat
1107 2673 1161 2723 fere
1181 2674 1215 2724 ab

83 2778 107 2814 co
134 2782 188 2816 esse
219 2771 347 2816 tractatos
380 2767 494 2833 [scripsit
518 2767 579 2838 περί
605 2762 733 2837 Δωρίδος.
764 2767 796 2817 cf.
823 2766 919 2818 Athen.
944 2767 994 2831 IV,
1023 2763 1123 2831 182d]‚
1151 2766 1215 2832 Epi-

82 2854 186 2910 charmus
214 2864 242 2909 ct
269 2858 386 2924 Sophro,
418 2860 501 2910 multa
529 2860 624 2910 comici
651 2859 733 2909 Attici
761 2859 865 2908 mediae
893 2858 1048 2924 praesertim
1075 2863 1102 2908 et
1129 2874 1215 2908 novae

83 2950 234 3014 comoediae,
260 2951 344 3001 multa
368 2957 464 3017 poetae
487 2956 517 3002 ut
538 2952 576 3001 ita
602 2952 688 3001 dicam
708 2950 862 3016 deipnologi
879 2950 1020 3001 Philoxeni
1038 2949 1216 3001 Archestrati:

82 3041 119 3090 sad
139 3042 207 3108 quod
230 3058 278 3107 per
304 3059 332 3094 se
356 3044 574 3094 verisimillimum
600 3043 819 3108 opsartyticorum
839 3042 989 3093 conditores
1008 3057 1112 3108 quoque
1131 3041 1164 3092 ab
1184 3056 1216 3091 eo

82 3131 196 3184 aihbitos
215 3150 282 3198 esse,
303 3135 336 3186 de
348 3136 487 3201 Epaeneto
501 3141 571 3186 certe
584 3135 715 3186 Athenaei
734 3136 816 3185 tribus
829 3134 895 3184 locis
909 3138 1014 3185 constat
1027 3131 1086 3200 (IX,
1100 3133 1180 3184 said.
1192 3149 1215 3184 e.

83 3221 139 3290 xlv,
157 3227 208 3276 662
216 3227 325 3278 d—663
334 3227 360 3288 d,
380 3228 412 3279 de
433 3229 526 3295 quibus
544 3226 634 3293 infra).
663 3228 734 3289 Quot
752 3242 815 3276 vero
835 3218 1017 3298 ὀψαρτυτικῶν
1038 3226 1215 3291 librorumque

83 3315 130 3388 περὶ
145 3312 279 3387 λαχάνων,
298 3313 395 3383 σάκον,
416 3311 514 3392 άρτων,
532 3312 697 3370 πλακούντων
721 3319 850 3369 similibus
870 3319 1076 3383 compositorum
1095 3323 1216 3369 auctores

84 3421 126 3458 uon
141 3412 228 3461 solum¹
243 3427 343 3478 coquos
361 3412 502 3463 litterarius
528 3412 575 3462 sed
600 3411 683 3461 multo
707 3412 807 3461 maiore
826 3415 952 3476 exparte
975 3410 1091 3461 medicos
1111 3412 1135 3460 ei
1155 3427 1216 3476 sup·

85 3501 188 3564 pediturit
207 3504 366 3571 antiquitas,
386 3520 418 3554 ex
436 3505 469 3554 iis
489 3519 648 3569 cognosces,
676 3519 742 3568 quae
761 3508 855 3568 postea
874 3503 906 3553 de
925 3517 1012 3552 rerum
1031 3503 1216 3553 culinariarnm

87 3594 141 3657 opud
157 3595 322 3646 Athenaeum
341 3597 512 3662 scriptoribus
533 3597 681 3662 disputabo.

144 3687 171 3753 2)
189 3688 222 3739 cf.
237 3688 312 3741 Suid.
331 3704 352 3739 s.
368 3706 393 3739 v.
414 3685 567 3761 Νίκανδρος.
599 3689 632 3739 Ο.
647 3687 805 3739 Schneider:
824 3687 984 3737 Nicandrea.
1012 3686 1120 3752 Lipsiae
1136 3685 1214 3739 1856.

90 3789 109 3840 lt
123 3777 159 3830 25.
178 3781 276 3846 Fragg.
305 3797 359 3833 non
388 3787 492 3832 servata
520 3785 589 3832 sunt.
642 3780 778 3845 Ungerurn
805 3779 937 3844 legentem
965 3776 1026 3850 περὶ
1053 3777 1217 3850 χρηστηρίων

92 3859 186 3933 louvois
204 3871 247 3939 [de
260 3873 373 3924 Aemilio
386 3875 477 3924 Macro
500 3872 590 3939 1141)]
609 3889 664 3923 non
688 3873 776 3923 audio.
804 3871 837 3922 ci.
852 3870 1070 3936 Schweighiiuser
1088 3873 1168 3922 anim.
1188 3873 1216 3922 in

93 3956 166 4014 Athon.
188 3966 229 4027 Π,
259 3964 323 4032 [edit
341 3966 394 4017 vol.
413 3964 459 4030 VI]
490 3965 552 4016 299.
600 3964 722 4015 Ceterum
751 3964 822 4031 quod
851 3963 998 4028 Schweigh.
1027 3964 1128 4014 monuit
1155 3963 1217 4036 περὶ

95 4055 229 4128 Ῑρηστηρίων
252 4050 356 4109 πάντων
380 4058 451 4123 apud
471 4057 579 4107 Suidam
599 4073 620 4107 s.
639 4075 664 4107 v.
691 4052 837 4126 Νίκανδρος
862 4072 966 4122 quoque
991 4056 1019 4106 in
1040 4052 1217 4107 παντοδαπῶν

80 4146 139 4194 ἔσω
159 4150 305 4199 mutandum
334 4148 370 4214 [in
398 4143 501 4200 πάντων
526 4151 712 4199 Wcsternrann
740 4164 843 4215 quoque
872 4145 1006 4213 offenditl,
1035 4149 1123 4198 nescio
1153 4164 1217 4197 num

967 4235 987 4294 4
