2618 4614
567 200 715 299 -71-

81 405 307 488 isputaverunt
328 411 360 468 et
374 402 525 468 Welcker
546 411 577 468 et
591 401 720 468 Weber.
756 401 814 467 Ille
825 405 850 486 ¹)
874 402 1005 467 enimin
1020 424 1057 466 eo
1074 401 1215 484 offendit,

81 506 146 593 uod
160 507 278 569 mirum
292 506 413 588 fuisset,
430 508 457 570 si
470 506 595 571 lexicon
610 505 651 571 ad
666 505 893 570 elementorum
910 506 1024 570 seriem
1034 504 1215 569 ordinatum

81 609 104 674 b
131 609 230 674 altero
262 610 410 695 componi
432 619 589 695 coeptum,
618 608 659 674 ab
681 608 780 673 altero
802 608 926 672 finitum
955 615 1048 689 esset,
1076 607 1137 670 nisi
1164 608 1215 672 hic

81 710 283 776 chedularum
304 711 387 776 illius
409 712 500 777 heres
522 711 643 775 fuisset.
680 709 743 775 Sed
766 709 923 796 hodieque
944 711 989 774 ita
1007 712 1088 775 fiunt
1101 710 1213 795 lexica,

81 837 121 879 rec
141 816 269 878 omnino
292 814 495 880 statuendum
510 815 726 900 Zopyrionem
740 815 845 898 ipsum
866 835 907 878 ex
929 815 1054 900 scriptis
1076 815 1214 900 antiquis

81 917 184 1003 glossas
207 917 354 1003 colligere
377 940 473 1004 quam
494 916 745 982 antecedentium
761 915 1058 1002 lexicographorum
1077 916 1214 1003 dapibus

81 1021 126 1084 'rui
146 1019 303 1085 maluisse.
340 1019 435 1101 Quod
449 1043 524 1085 vero
539 1020 662 1084 Weber
670 1021 696 1106 ²)
718 1020 845 1105 copiose
860 1019 1050 1104 disputavit:
1074 1019 1213 1102 „Keines

81 1124 122 1188 ler
142 1122 320 1187 erhaltenen
341 1121 454 1205 lexica,
475 1122 610 1188 welches
633 1123 690 1187 das
705 1123 869 1208 praedicat
884 1121 964 1186 κατὰ
981 1130 1136 1198 στοιχεῖον
1148 1121 1212 1206 hat,

82 1234 109 1289 st
126 1228 158 1288 in
177 1224 314 1290 buecber
336 1225 475 1310 getesst‘t
500 1276 507 1291 .
531 1235 591 1291 et.
615 1276 623 1290 .
654 1227 801 1312 „Denn³)
829 1248 922 1291 wenn
951 1225 1002 1290 die
1025 1234 1159 1289 woerter
1179 1227 1213 1289 in

81 1329 260 1393 exicon-art
286 1326 368 1391 nach
394 1327 467 1392 dem
489 1326 638 1415 alphabet
670 1351 733 1392 von
763 1352 783 1392 α
805 1369 847 1377 -
869 1352 892 1392 ο
920 1327 1028 1411 liesca,
1056 1349 1105 1391 wo
1127 1326 1213 1392 blieb

81 1431 149 1495 laun
169 1430 219 1494 die
241 1428 415 1515 einteilung
428 1431 461 1493 in
475 1432 516 1495 95
533 1431 624 1517 (oder
642 1433 718 1518 405)
740 1431 901 1497 buecher‘?
923 1431 1007 1496 denn
1027 1430 1103 1495 fand
1126 1430 1213 1495 diese

81 1542 149 1615 statt,
171 1556 204 1597 so
218 1533 338 1596 konnte
349 1533 424 1618 jene
439 1532 675 1620 alphabetische
690 1534 883 1621 reihenfolge
899 1534 956 1599 der
969 1541 1104 1598 woerter
1124 1533 1213 1598 nicht

81 1637 120 1702 die
142 1634 341 1701 vorhandene
369 1637 437 1700 sein
467 1634 544 1702 oder
559 1639 635 1724 jene
657 1662 723 1703 war
744 1636 862 1722 voellig
882 1646 1020 1702 unnuetz
1042 1636 1109 1701 und
1131 1635 1212 1701 ohne

81 1741 163 1822 sinus,
194 1760 307 1803 vereor
334 1761 374 1802 ne
402 1739 452 1804 vir
477 1738 588 1805 doctus
613 1740 726 1806 falsam
755 1740 794 1805 de
823 1740 973 1826 operibus
1004 1749 1148 1804 veterum
1179 1740 1213 1803 in

81 1841 160 1906 libros
180 1840 359 1906 dividendis
381 1843 562 1928 opinionem
585 1845 689 1909 animo
705 1843 893 1930 conceperit.
931 1843 1052 1908 Omitto
1068 1844 1152 1907 enim
1170 1883 1212 1890 —

81 1944 150 2030 quod
169 1946 237 2030 ipse
260 1943 456 2032 adnotavit4)
478 1987 521 1995 —
543 1947 639 2028 „dass
659 1947 714 2011 des
733 1946 892 2032 Didymos
914 1945 1041 2034 τραγικὴ
1057 1946 1138 2025 λέξις
1159 1944 1211 2010 bei

81 2046 238 2132 Hesychius
266 2045 348 2111 κατά
374 2058 528 2127 στοιχεῖον
548 2049 647 2115 heisst
673 2049 739 2113 und
764 2048 844 2113 doch
867 2050 955 2114 sonst
977 2047 1034 2112 das
1056 2048 1105 2113 28.
1128 2047 1211 2113 buch

81 2150 164 2214 citiert
176 2149 286 2230 wird“‚
309 2152 429 2235 omitto,
446 2153 531 2238 quod
545 2153 638 2217 nobis
652 2175 717 2216 non
731 2153 889 2238 persuasit
903 2151 1051 2217 Verrium
1061 2150 1212 2215 Flaccum

81 2250 286 2316 elementorum
298 2252 440 2317 ordinem
453 2256 619 2341 sprevisse,
633 2257 753 2337 omitt0,
767 2255 853 2341 quod
863 2277 913 2319 ex.
925 2277 972 2339 gr.
986 2277 1067 2340 quae
1078 2253 1210 2319 Photius

81 2354 196 2420 inbibl.
227 2355 294 2420 cod.
319 2356 377 2419 151
410 2354 449 2421 de
472 2358 612 2443 Timaeo,
642 2359 814 2423 Erotianus
841 2356 1018 2441 31‚10ed.
1041 2356 1146 2421 Klein.
1170 2358 1209 2422 de

82 2454 194 2522 Glaucia
221 2457 340 2522 habent
365 2460 398 2522 in
429 2462 618 2526 contrariam
647 2483 685 2525 ac
706 2459 859 2546 Weber⁵)
888 2459 957 2524 vult
982 2468 1107 2544 partem
1128 2462 1207 2524 vert'

81 2571 202 2644 possunt,
224 2601 267 2610 -
289 2561 365 2648 quid
387 2565 473 2648 quod
494 2563 581 2649 apud
598 2563 730 2628 Suidam
753 2586 777 2627 s.
793 2587 823 2627 v.
846 2560 1052 2643 Διογενειανός
1073 2562 1209 2648 legimus

81 2663 142 2742 λέξις
169 2664 355 2745 παντοδαπὴ
388 2666 467 2730 κατὰ
498 2674 652 2743 στοιχεῖον
680 2667 711 2730 ἐν
739 2669 865 2750 βιβλίοις
893 2666 920 2748 ἑ,
955 2689 979 2730 s.
1005 2690 1035 2731 v.
1065 2667 1209 2744 Πάκατος

82 2769 136 2853 περί
160 2771 214 2848 τῆς
235 2766 469 2854 Ἀλεξανδρέων
497 2770 658 2833 διαλέκτου
687 2765 707 2849 ἢ
735 2771 807 2855 περὶ
824 2767 1029 2849 Ἑλληνισμοῦ
1060 2773 1161 2855 βιβλία
1182 2771 1206 2848 ζ’

82 2868 143 2950 (ἔστι
168 2871 202 2934 δὲ
223 2868 302 2934 κατὰ
327 2872 504 2958 στοιχεῖον),
536 2873 607 2960 περὶ
623 2871 768 2953 Ἃιτικῆς
796 2874 961 2952 συνηθείας
988 2877 1043 2952 τῆς
1072 2873 1103 2937 ὲν
1129 2873 1209 2952 λέξει

81 2972 119 3033 καί
137 2975 297 3059 προσῳδίᾳ
320 2975 420 3057 βιβλία
441 2974 463 3054 γ’
489 2974 569 3058 (ἔστι
591 2973 727 3039 δίκαιοί
752 2973 941 3060 στοιχεῖον)1
970 2972 1049 3038 cf.·s.
1064 2998 1095 3038 v.
1118 2976 1208 3061 Εἰρη-

81 3081 149 3150 ναῖος
175 3084 234 3140 etc.
284 3075 368 3154 Quid
401 3075 487 3161 quod
519 3076 606 3162 apud
635 3075 850 3159 Charisium⁰)
884 3076 1031 3142 Caesellii
1063 3077 1208 3141 Vindicis

81 3171 206 3243 lectiones
228 3178 376 3263 antiquae
401 3179 450 3263 „A
463 3178 573 3244 literae'
591 3178 671 3244 libro
685 3180 721 3243 1ss
746 3182 815 3244 sim.
832 3181 968 3244 citantur
978 3179 1029 3266 βλ
1053 3179 1207 3245 Videmus

81 3277 156 3362 igitur
176 3291 298 3347 tantum
320 3281 448 3363 abesse,
476 3290 512 3344 ut
532 3282 692 3369 Pamphili
715 3284 786 3368 περὶ
806 3289 950 3364 γλωσσῶν
972 3289 1033 3348 κτλ.
1063 3306 1144 3369 opus
1166 3285 1207 3349 ad

151 3472 275 3538 )Kleine
295 3474 427 3524 Schriften
446 3475 483 3538 ΙΙ,
505 3473 566 3522 565.

151 3564 273 3625 lPhilol.
293 3566 378 3631 suppl.
398 3567 494 3631 111,p.
515 3566 566 3614 477
588 3566 648 3618 adn.
670 3566 713 3616 43.

151 3655 195 3720 )1.
216 3657 235 3705 l.
255 3655 317 3707 479.

151 3748 196 3811 λλ
217 3748 235 3799 1.
254 3747 306 3797 488
327 3749 388 3799 adn.
410 3749 452 3799 60.

149 3839 231 3904 )1.1.
252 3841 305 3890 477
326 3842 387 3893 adn.
408 3842 451 3891 43.

153 3936 160 3993 )
180 3933 212 3981 cf.
233 3931 305 3982 Keil:
325 3933 369 3983 Gr.
389 3935 449 3983 Lat.
470 3934 492 3996 1,
515 3933 575 3998 117,
593 3936 633 3984 13.

137 3476 146 3520 1

135 3565 148 3610 2

135 3657 148 3703 3

134 3748 148 3795 4

135 3841 148 3888 b

135 3932 148 3979 6

134 4023 157 4088 7)
175 4027 207 4074 In
226 4025 299 4075 univ.
320 4024 353 4075 cf.
367 4023 548 4089 Ritschelinm,
570 4026 614 4091 qui
632 4031 722 4077 tamen
742 4043 793 4078 nee
811 4029 894 4078 multa
913 4030 1001 4080 attulit
1020 4028 1141 4094 exempla
1153 4045 1203 4080 nec

81 4121 102 4156 ⁹2
116 4129 175 4181 quae
195 4117 316 4168 omnibus
336 4116 494 4184 probantur:
515 4117 558 4167 die
577 4117 645 4169 alex.
667 4119 734 4170 Bibl.
757 4120 808 4168 134
828 4140 863 4164 =
884 4137 973 4190 opusc.
994 4121 1016 4187 1,
1040 4116 1086 4170 111
1109 4137 1166 4192 sqq.
