2618 4614
568 166 713 264 ..m

237 364 303 432 ούδ
330 367 571 460 ἀνανευράμμεὲί
582 371 618 457 1),
640 368 719 434 ἀλλά
740 366 849 435 κάεται
870 366 987 453 λύχνος,

235 473 289 536 καὶ
311 471 395 557 βιβλί’
423 473 454 538 ἐν
475 482 548 551 ταῖς
569 476 666 562 χερσί,
688 476 741 539 καὶ
762 474 966 560 φροντίζομεν

234 576 267 639 τί
288 575 430 662 Σύφωνλ)
453 575 660 660 καταλύλοιτί,
681 573 701 658 ἢ
724 578 755 641 τί
776 578 1011 657 Σημωνακτίδης

234 676 252 741 ὁ
276 682 364 762 Χίος,
385 675 405 760 ἢ
427 678 616 767 Τυνδάριχος
638 678 655 745 6
679 677 855 762 Σικυώνιος,

10 852 14 868 ,
231 775 465 870 ἢΖωπυρῐνος.

10 933 24 974 ,ι
73 900 144 967 quos
175 890 325 947 auctores
357 907 399 948 ex
430 885 490 949 hoc
517 885 648 950 Batonis
680 884 748 949 loco
778 885 811 946 in
839 880 976 946 Pollucis
1004 879 1215 966 catalogumss)

10 1068 13 1074 Ι
71 983 232 1070 irrepsisse
253 987 465 1052 manifestum.

21 1088 22 1095 '
144 1087 229 1172 Agis
252 1110 346 1153 cocus
368 1098 494 1176 praeter
514 1089 581 1154 XII
603 1091 694 1155 5160
721 1111 786 1153 non
815 1095 977 1173 comparet
999 1087 1061 1150 nisi
1082 1086 1216 1151 fortasse

69 1189 304 1277 inEuphronis
323 1192 495 1280 Adelphis:
526 1194 577 1257 IX
592 1193 654 1258 379
666 1216 692 1258 e.
727 1193 802 1257 Duo
823 1196 1025 1254 recensentur
1045 1188 1112 1252 XII
1126 1189 1217 1254 5160

14 1327 17 1336 ·
69 1291 213 1379 Dionysii
221 1296 259 1382 4),
288 1297 349 1359 nisi
377 1319 442 1361 una
470 1319 607 1382 persona
635 1297 684 1362 bis
710 1295 797 1359 illata
826 1317 867 1359 ex
895 1291 1019 1357 duobus
1046 1291 1216 1377 catalogis:

68 1395 278 1481 fragmentum
305 1400 465 1464 invenitur
485 1398 550 1464 VH
564 1398 658 1464 3‘26f.
702 1398 907 1484 Hegesippus
928 1397 1118 1460 Tarentinus
1138 1395 1216 1483 [XII

15 1533 18 1543 ι
68 1496 123 1564 616
138 1521 156 1562 c
170 1499 206 1586 d]
232 1522 305 1565 cum
326 1488 510 1589 Aegimio⁵)
533 1499 691 1565 Metrobio
713 1500 849 1565 Phaesto
881 1522 943 1585 qua
964 1505 1067 1562 aetate
1088 1497 1215 1580 fuerint,

10 1656 13 1661 Α
68 1625 103 1668 ex
121 1602 208 1668 XIV
223 1605 286 1669 643
302 1628 319 1669 e
333 1604 351 1668 f
367 1605 532 1670 discimus:
565 1605 762 1684 Καλλίμαχος
791 1603 823 1668 ἓν
851 1607 893 1689 τῷ
921 1606 983 1667 τῶν
1004 1602 1215 1665 παντοδαπῶν

10 1763 16 1798 ,
68 1707 308 1795 συγγραμμάτων
335 1710 440 1773 πίνακι
469 1729 523 1772 eos
551 1716 717 1793 congestos
744 1705 926 1792 habebat⁰).
972 1703 1134 1790 Stephano
1156 1704 1215 1767 Ar-

66 1809 188 1897 μάντεϊ)
220 1811 348 1876 Acestio
358 1813 384 1898 ⁸)
411 1810 561 1897 Acesia⁹)
589 1812 786 1877 Parmenone
807 1807 931 1873 Rhodio
942 1808 968 1896 ⁹)
996 1806 1073 1894 quid
1100 1807 1215 1872 faciam

133 2149 163 2217 1)
182 2152 244 2203 Vox
263 2157 399 2216 cornipta,
425 2151 454 2200 in
478 2165 530 2216 qua
549 2150 706 2214 explicanda
725 2150 789 2199 mire
814 2165 843 2199 se
861 2153 994 2199 torserunt
1012 2152 1114 2199 veteres
1132 2149 1214 2199 inter·

10 2274 11 2307 η
62 2249 153 2310 preter.
205 2244 359 2295 Sententiae
387 2242 485 2294 sufficit
513 2242 607 2293 Cobeti
635 2242 707 2309 quod
725 2241 848 2292 Meinelre
876 2242 977 2306 recepit
1002 2233 1213 2308 docnsnoipsii.

63 2336 111 2388 Sed
130 2336 197 2403 quid
218 2337 267 2387 sibi
284 2335 342 2386 vult
359 2335 523 2401 perfectum?

128 2426 160 2492 2)
182 2427 216 2478 ci.
235 2427 331 2478 Athen.
349 2428 396 2492 IX,
416 2428 468 2477 403
478 2443 500 2480 e.
525 2427 596 2491 XIV,
617 2426 700 2491 aare,
729 2441 780 2492 quo
800 2425 859 2477 loco
880 2425 1042 2491 perturbatio
1062 2425 1212 2477 statuenda.

128 2516 163 2586 3)
183 2520 218 2570 cf.
238 2534 318 2585 supra
335 2536 362 2585 p.
383 2519 426 2569 99.

127 2613 160 2675 4)
179 2613 277 2662 Fuitne
296 2613 363 2663 alter
381 2611 489 2662 Cassius
507 2611 653 2677 Dionysius
671 2611 805 2662 Uticensis
825 2608 868 2676 [of.
888 2609 984 2661 Athen.
1005 2611 1075 2674 XIV,
1097 2609 1149 2659 648
1161 2628 1175 2662 e
1188 2613 1211 2664 is

52 2701 78 2755 ἐν
92 2697 208 2773 ἑβδόμῳ
222 2701 387 2774 Γεωργικῶν],
406 2705 480 2754 cuius
494 2703 585 2769 Steph.
598 2705 661 2768 Byz.
677 2719 697 2754 s.
711 2720 736 2754 v.
750 2696 837 2770 Ἰτύκη
854 2707 880 2753 εί
895 2702 976 2754 schol.
992 2704 1051 2755 Nic.
1065 2704 1142 2755 Ther.
1157 2705 1210 2754 520

10 2782 12 2787 ¹
50 2794 88 2863 [ἐν
106 2800 169 2858 τοῖς
189 2794 371 2865 ῥιζοτομικοῐς]
391 2796 553 2846 mentionem
571 2797 693 2861 iniciunt,
712 2797 757 2863 qui
775 2795 825 2845 fnit
844 2800 905 2846 ante
919 2795 1055 2847 Ciceronis
1073 2800 1210 2863 tempora?

48 2890 85 2940 cf.
107 2889 216 2940 Colum.
237 2888 309 2939 der.
329 2905 349 2938 r.
369 2889 392 2951 1,
415 2891 426 2936 1
451 2893 477 2939 et
496 2890 580 2940 Varro
600 2889 633 2939 de
652 2905 673 2939 r.
692 2905 713 2939 r.
736 2888 759 2952 1,
781 2888 804 2952 1,
827 2887 869 2937 10.

127 2979 161 3046 5)
181 2981 213 3031 cf.
233 2982 312 3032 Febr.
332 2981 395 3033 bibl.
416 2981 460 3033 Gr.
483 2982 559 3046 XIII,
580 2979 624 3030 35.

129 3073 162 3137 6)
181 3072 308 3140 Apertum
332 3073 383 3124 hoc
409 3075 469 3125 loco
494 3073 524 3123 fit
550 3073 634 3124 invito
653 3071 799 3136 Athenaeo,
828 3087 881 3138 qua
905 3074 1007 3123 ratione
1026 3075 1054 3123 in
1074 3077 1207 3128 conscrib·

40 3165 163 3216 illandis
182 3165 255 3216 libris
274 3181 338 3216 usus
357 3166 399 3216 sit.
432 3166 465 3216 of.
480 3167 550 3216 enirn
562 3165 644 3216 verba
658 3164 728 3215 initii
741 3181 763 3214 c.
778 3164 826 3213 51:
847 3159 1018 3216 Πλακούντων
1037 3163 1067 3216 δὲ
1087 3161 1207 3236 ὀνόματα

39 3255 160 3310 πολλῶν
178 3250 380 3325 καταλεξάντων,
400 3249 470 3308 ὅσων
490 3254 628 3327 μέμνημαι,
646 3251 746 3308 τούτων
765 3268 809 3307 σοι
826 3255 868 3308 καὶ
889 3250 1041 3324 μεταδώσω,
1061 3260 1205 3311 secundum

39 3366 120 3418 quae
142 3352 270 3400 memoria
288 3351 361 3400 nisus
379 3351 560 3415 placentarum
579 3351 687 3401 nomina
712 3349 878 3414 congessisse
897 3349 1013 3415 videtin,
1040 3366 1099 3401 cum
1118 3352 1205 3404 verbis

39 3443 181 3494 continuo
201 3442 255 3492 fere
274 3445 458 3510 sequentibus:
484 3437 559 3512 ἡμεῖς
578 3438 608 3492 δὲ
628 3431 645 3492 ά
665 3435 866 3512 μετεγράψαμεν
890 3433 1011 3508 ὀνόματα
1029 3438 1204 3515 πλακούντων,

38 3528 152 3586 τούτων
171 3545 214 3584 σοι
231 3533 275 3584 καί
294 3530 493 3605 μεταδώσομεν,
520 3535 613 3601 quibus
637 3535 722 3584 senil
746 3535 798 3585 nisi
822 3533 1010 3585 transscribere
1033 3535 1204 3589 confitentem

39 3625 282 3693 deprehendimus.

128 3715 156 3782 7)
177 3717 209 3769 ci.
228 3718 325 3769 Athen.
344 3719 367 3783 Ι,
387 3718 424 3769 be
443 3719 461 3770 f.
499 3720 588 3770 Laert.
607 3719 686 3783 Diog.
705 3718 781 3784 VHI,
801 3719 844 3771 82.
882 3719 960 3771 Febr.
980 3720 1002 3785 Ι,
1022 3721 1084 3772 496.

126 3808 156 3872 8)
178 3810 210 3863 cf.
231 3811 310 3862 Fabr.
329 3811 404 3876 XIII,
425 3811 468 3862 25.

125 3899 154 3967 9)
175 3902 243 3955 OIG.
263 3902 285 3966 1,
307 3901 365 3954 164.
387 3896 513 3973 Ἀλησίας
531 3905 658 3970 κοπρίων]
678 3907 719 3956 est
736 3921 843 3955 nomen.
888 3904 920 3954 ci.
940 3905 1001 3956 Keil
1026 3907 1097 3958 anal.
1118 3911 1200 3974 epigr.

45 3995 112 4046 108.
142 4024 180 4030 -
208 3995 381 4045 Parmenonis
400 3996 496 4048 Rhodii
517 3998 567 4048 fuit
585 3989 717 4067 μαγειρικὴ
738 3993 905 4066 διδασκαλία,
929 3999 1002 4049 cuius
1021 4001 1120 4051 mentio
1140 4002 1200 4064 VII,

41 4088 99 4137 398
112 4087 132 4137 f.
