2640 4628
698 227 740 293 68

146 427 261 512 quibus
282 428 428 493 iniuriam
447 428 522 493 fecit
535 428 736 512 Lambecius,
758 451 830 492 cum
853 427 1017 514 suppleret
1038 428 1163 516 εἰκόνας
1185 432 1281 514 <uis

146 534 335 616 βοτανῶν>
356 554 383 596 κ.
407 550 452 596 οτ.
475 541 681 617 moneretque
703 531 742 597 de
765 530 879 597 Galeni
899 530 969 595 loco
991 530 1074 596 infra
1096 533 1277 618 excutiendo,
1308 528 1310 564 ³

145 655 207 718 quo
222 633 409 719 Pamphilus
431 634 560 721 quidam
582 635 733 720 carpitur,
756 635 812 719 qui
832 637 904 718 περὶ
925 639 1064 718 βοτανεῖκν
1083 638 1277 723 πραγματείαν

146 734 318 799 secundum
345 736 499 802 elementa
530 737 707 802 ordinatam
738 737 880 823 ineptam
912 736 1101 823 medicoque
1132 737 1275 823 indignam

145 839 358 924 composuerit
369 840 405 926 ¹).
442 839 506 905 Sed
518 841 630 915 εἰκόνες
642 864 662 905 a
674 838 796 904 Galeno
810 863 875 905 non
884 841 1089 904 nominantur
1102 861 1161 904 nec
1170 839 1274 905 firerunt

146 950 228 1006 certe
242 943 276 1005 in
286 941 445 1028 Pamphili
460 945 669 1031 πραγματείας
685 943 815 1027 βοτάναι
827 965 905 1008 vero
920 942 1007 1028 apud
1023 941 1156 1006 Suidam
1171 941 1271 1008 desunt

145 1044 212 1108 Nec
240 1054 317 1130 puto
347 1067 414 1109 rem
441 1043 577 1128 absolvi,
605 1047 632 1108 si
659 1068 731 1109 cum
753 1045 893 1109 Kustero
915 1044 955 1109 de
977 1043 1162 1109 Philostrati
1190 1068 1271 1132 opere,

146 1145 231 1231 quod
256 1146 439 1211 inscribitur
465 1149 581 1224 εἰκόνες
606 1147 658 1213 vel
679 1170 751 1212 cum
775 1147 931 1212 Merklino
954 1156 985 1212 et
1006 1147 1133 1212 Rankio
1155 1148 1193 1213 de
1214 1136 1279 1213 Var-¹

145 1251 230 1313 ronis
252 1248 443 1334 imaginibus
464 1249 516 1315 vel
537 1272 608 1314 cum
629 1249 778 1315 Michaeli
801 1251 840 1314 de
862 1273 957 1337 opere
979 1250 1136 1315 rhetorico
1150 1250 1271 1315 Iiuciani-

146 1374 207 1437 que
238 1352 382 1417 iconibus
415 1354 608 1437 cogitamus:
645 1377 719 1419 nam
751 1354 785 1417 in
817 1353 894 1417 talia
928 1376 1026 1439 opera
1058 1355 1114 1439 qui
1142 1353 1271 1418 elementa

146 1456 288 1539 sequitur
315 1454 392 1519 ordo
419 1456 548 1520 minime
575 1456 719 1541 quadrat.
769 1457 920 1520 Fortasse
945 1456 1046 1521 verba
1066 1480 1093 1522 κ.
1118 1476 1163 1522 os.
1184 1454 1271 1521 lacuna

147 1565 264 1620 statuta
272 1558 297 1643 ²)
320 1559 447 1623 omnino
470 1559 648 1645 separanda
670 1568 743 1623 sunt
764 1583 784 1624 a
805 1581 883 1623 voce
906 1559 1042 1642 εἰκόνας;
1071 1568 1178 1645 potest
1196 1558 1269 1623 fuisse

146 1660 266 1734 εἰκόνας
289 1709 296 1723 .
320 1713 328 1729 .
350 1710 358 1725 .
382 1664 453 1750 περὶ
474 1667 612 1746 βοτανῶν
633 1661 713 1727 κατὰ
735 1665 934 1749 στοιχεῖονί),
962 1664 1008 1726 ita
1036 1671 1072 1726 ut
1099 1663 1152 1726 hic
1178 1663 1269 1749 quique

70 1803 75 1812 ·
146 1765 289 1849 sequitur
308 1761 389 1828 libcr
409 1766 607 1848 grammatici
628 1764 793 1829 habendus
816 1766 872 1849 sit3
895 1767 959 1830 iam
979 1765 1058 1830 nihil
1078 1765 1217 1852 profecto
1229 1785 1268 1826 nos

145 1875 232 1931 vetat
253 1865 293 1930 de
315 1889 410 1952 opere
424 1866 577 1932 Varronis
597 1867 789 1953 imaginibus
812 1867 907 1932 simili
925 1870 1073 1954 cogitare.
1109 1865 1268 1953 Pamphilus

145 1974 315 2051 γεωργικῶν
336 1978 446 2033 auctor
459 1970 493 2032 in
509 1967 702 2056 Geoponicis
723 1974 850 2058 saepius
867 1979 1134 2036 commemoratur
1154 1991 1210 2035 nec
1226 1990 1268 2032 non

146 2070 232 2156 apud
246 2069 431 2156 Photium⁴)
453 2073 681 2158 patriarcham,
710 2076 766 2160 qui
786 2073 876 2140 testis
897 2082 946 2139 est
966 2097 1037 2138 eum
1058 2075 1090 2137 in
1111 2071 1268 2138 Οἰινδανίον

220 2291 247 2355 1)
268 2292 432 2357 Quamquam
451 2293 501 2342 hoc
520 2309 585 2343 sane
601 2298 709 2343 maneat
720 2293 864 2345 Lambeeio
881 2295 1001 2345 meritum
1013 2295 1122 2358 penitus
1133 2293 1270 2346 intellexisse

146 2383 276 2433 medicum
301 2383 371 2433 illius
394 2384 447 2434 loci
467 2401 483 2434 a
501 2386 673 2449 grammatico
699 2401 753 2436 non
774 2386 870 2437 debere
890 2387 989 2437 divelli.
1021 2387 1055 2437 cf.
1075 2387 1093 2437 l.
1113 2387 1131 2438 l.
1151 2387 1210 2436 534.
1236 2382 1270 2434 τῶν

146 2471 262 2542 βοτανῶν
282 2475 442 2526 eruditorum
461 2491 606 2528 consensus
625 2478 717 2527 reiecit
729 2475 836 2544 [Kuster
854 2479 953 2543 primus
972 2475 1044 2543 tuith
1064 2493 1133 2529 unus
1145 2477 1270 2539 wesseling

146 2567 225 2618 Diod.
239 2568 261 2630 I,
275 2568 308 2616 81
323 2573 449 2633 patronus
465 2570 578 2619 exstitit:
600 2585 678 2635 ,nam
698 2574 725 2620 et
744 2566 817 2631 ἰδέας
828 2567 880 2620 τῶν
893 2567 1010 2637 βοτανῶν
1021 2570 1062 2619 illi
1073 2571 1167 2621 tribuit
1179 2569 1270 2620 Galeam

146 2666 172 2710 et
183 2660 222 2709 ita
235 2660 369 2725 describit,
387 2665 417 2711 ut
428 2663 559 2727 imagines
578 2678 636 2713 esse
656 2662 779 2726 debeant,
799 2666 826 2712 et
844 2668 982 2727 praeterea
1001 2678 1030 2712 se
1042 2678 1066 2712 κ.
1079 2675 1118 2713 στ.
1139 2678 1213 2713 suum
1225 2673 1270 2726 opu

146 2753 310 2815 concinasse,
335 2756 365 2800 ut
384 2752 447 2802 olim
465 2752 645 2819 Pamphilus“.
684 2754 779 2805 Galeni
796 2754 885 2804 locum
903 2755 973 2804 infra
991 2753 1147 2818 videbimus,
1172 2770 1220 2805 nec
1233 2767 1271 2802 non

147 2844 195 2894 erit
212 2843 289 2893 nobis
304 2859 346 2894 res
362 2859 422 2895 cnm
435 2845 547 2896 Ernesto
560 2848 595 2897 H.
608 2847 639 2897 F.
652 2847 761 2911 Meiere,
781 2847 826 2911 qui
838 2847 866 2897 in
878 2847 895 2896 l.
912 2845 1087 2907 „Geschichte
1101 2847 1149 2897 der
1161 2839 1269 2898 Bouan'
1308 2902 1310 2911 Ι

145 2935 196 2984 vol.
216 2935 252 2999 11,
272 2941 301 2986 ut
318 2935 457 2987 Lambecii
475 2937 535 3007 περὶ
550 2935 668 3006 βοτανῶν
687 2954 734 2989 suo
753 2939 810 2988 iure
828 2938 920 2988 reiecit
939 2937 975 3005 [p.
992 2936 1063 3005 1451,
1082 2939 1122 2989 ita
1141 2939 1189 2990 sub
1206 2934 1270 3000 §.182

147 3027 314 3093 ,Pamphilos
334 3028 381 3078 der
399 3027 545 3079 Botaniker
563 3031 642 3080 nebst
661 3031 766 3095 einigen
785 3030 903 3081 anderen
923 3030 1062 3081 desselben
1076 3028 1210 3081 Namens“
1227 3026 1270 3078 inde

145 3136 206 3184 ap.
229 3120 279 3168 137
299 3120 334 3169 ad
355 3119 406 3169 145
432 3136 465 3170 ex
485 3118 581 3170 Galesi
599 3120 748 3187 Suidaeque
773 3122 839 3172 locis
865 3123 979 3188 quinque
999 3123 1076 3173 nobis
1095 3123 1199 3188 paravit
1214 3123 1271 3172 Pan·

144 3211 238 3277 philos.
276 3212 327 3274 Qui
344 3211 481 3263 historiam
499 3213 647 3264 medicinae
665 3214 760 3264 veteris
774 3215 988 3279 conscripserunt
1001 3213 1131 3280 Sprengel
1144 3221 1170 3266 et
1182 3217 1272 3273 Hamas,

144 3305 211 3355 alter
229 3302 276 3370 [11‚
297 3300 342 3370 42]
363 3302 458 3355 Galeni
476 3304 643 3370 Pamphilum
668 3305 748 3356 alium
774 3323 832 3358 esse
855 3307 944 3371 iussit,
970 3307 1037 3357 alter
1063 3305 1137 3373 [298]
1163 3307 1273 3359 erron'bns

57 3453 61 3464 Ι
145 3397 246 3447 miseris
264 3397 379 3447 irretitus
400 3401 447 3448 est.

218 3486 246 3551 2)
266 3487 295 3538 Si
314 3489 384 3538 enim
402 3505 431 3539 re
450 3504 514 3539 vera
533 3489 742 3541 demonstratum
762 3494 857 3541 est-
875 3507 925 3541 nec
944 3490 1052 3541 omnino
1071 3492 1161 3553 video,
1180 3492 1221 3559 qui
1235 3489 1278 3539 hoc

145 3579 228 3643 possit
251 3580 342 3644 negari
367 3607 400 3616 —
425 3597 535 3646 magnas
560 3584 650 3635 turbas
672 3584 760 3633 locum
780 3583 926 3634 Suidanum
944 3599 1053 3648 passum
1072 3599 1141 3650 esse,
1167 3583 1226 3651 quid
1242 3581 1280 3630 in·

145 3670 228 3719 auditi
246 3671 274 3720 in
292 3671 389 3722 lacuna
407 3672 568 3724 statuenda?
603 3675 661 3740 Ego
676 3680 754 3739 certe,
775 3675 845 3740 quod
857 3680 951 3740 postea
965 3675 1114 3742 defendam,
1134 3676 1282 3728 interPan·

144 3761 207 3826 phili
226 3778 315 3827 opera,
336 3779 446 3828 quorum
465 3766 570 3833 quidem
589 3768 710 3818 novimus
729 3767 828 3832 titulos,
848 3768 948 3819 nullum
969 3769 1050 3819 alium
1070 3769 1114 3820 cui
1132 3786 1155 3821 κ.
1169 3783 1206 3821 οτ.
1223 3758 1283 3818 fllud

145 3856 287 3905 conveniat
305 3871 430 3921 agnosco.

217 3947 247 4009 3)
266 3947 346 3997 Plura
365 3949 397 3999 de
416 3949 467 4001 hoc
487 3967 565 4016 opere
584 3952 685 4003 videbis
704 3951 782 4016 infra,
805 3951 851 4003 ubi
869 3956 954 4002 totum
973 3951 1068 4003 Galeni
1092 3953 1181 4005 locum
1199 3961 1281 4004 escw-

144 4054 220 4088 sums
239 4055 305 4091 sum.

218 4128 248 4194 4)
267 4132 329 4183 bibl.
349 4133 407 4183 cod.
430 4133 489 4199 163,
510 4151 537 4199 p.
556 4134 606 4184 107
621 4151 638 4185 a
656 4136 681 4186 3.
