2618 4614
578 217 726 317 —nr-

51 414 276 482 Artemidori
295 417 449 509 Ephesii}
499 418 697 485 Archestrati
717 442 829 485 versus
851 442 877 486 c.
901 420 940 484 77
962 419 1144 503 afferuntur,
1172 442 1232 485 nec

51 519 122 584 sine
157 520 410 606 cavillatione1)
438 520 455 588 ὃ
476 523 588 605 τένθης
615 524 702 611 apud
723 521 924 589 Athenaeum
946 523 1097 610 vapulare
1121 523 1230 588 solitus

49 621 258 690 dimittitur.
304 625 340 691 O.
363 627 403 690 78
425 627 565 713 primum
586 627 686 690 Attici
707 624 820 691 deinde
843 624 965 711 Cyprii,
989 627 1125 713 denique
1147 626 1231 691 colli·

48 725 90 788 cii
116 728 185 813 qui
206 727 361 793 dicuntur
374 752 473 816 panes
493 737 696 795 recensentur
709 729 825 794 veteris
846 729 1033 815 mediaeque
1049 731 1231 795 comoediae

46 830 168 914 poetis
196 831 349 916 testibus,
372 841 507 898 tractatu
528 854 628 919 parvo
643 833 841 918 interposito,
864 834 1054 917 quo'agitur
1076 833 1115 898 de
1129 833 1231 898 Thea·

46 933 149 997 rione
168 939 222 1019 τῷ
239 933 414 1022 ἀρτοποιῷ,
437 938 492 1023 qui
510 938 543 1000 in
557 934 668 999 ultimo
683 933 875 1021 Antiphanis
890 957 984 999 versu
1000 944 1230 1023 comparuerat,

46 1044 85 1099 ut
100 1035 168 1101 vel
185 1036 362 1118 badavario
377 1038 417 1102 ad
435 1037 542 1103 locum
556 1037 643 1101 illum
659 1037 711 1102 vel
727 1060 807 1124 opus
824 1039 1073 1124 κωμῳδουμένων
1084 1040 1231 1104 videatur

47 1139 273 1224 adhibitum3
295 1140 472 1228 Antiphani
493 1143 578 1208 enim
599 1140 788 1229 exphcando
803 1143 1003 1226 grammatici
1026 1164 1157 1228 operam
1174 1143 1231 1206 im-

46 1244 291 1329 pertiverunt:
312 1253 435 1309 constat
457 1245 496 1310 de
517 1244 681 1311 Dorotheo
704 1244 886 1309 Ascalonita
908 1244 957 1333 [ef.
981 1244 1063 1308 XIV
1078 1246 1139 1310 662
1153 1245 1188 1330 t].

148 1346 215 1410 Ad
238 1351 415 1433 posteriora
436 1350 535 1416 multo
551 1357 695 1435 tempora
709 1370 897 1413 revocamur
912 1369 938 1412 c.
955 1347 1004 1432 79,
1028 1349 1114 1434 quod
1128 1347 1231 1433 Chry-

50 1449 153 1535 sippi
188 1449 370 1536 Tyanensis
398 1453 437 1517 de
466 1452 604 1539 panibus
636 1453 932 1516 commentationem
959 1448 1100 1537 praebet.
1130 1449 1167 1515 O.
1190 1451 1231 1514 80

49 1574 232 1634 excursu,
268 1555 323 1640 qui
359 1554 690 1642 deipnosophistarum
726 1553 911 1639 ethopoeiae
943 1554 1109 1637 inserviat,
1146 1554 1228 1619 facto

50 1677 172 1741 panes
197 1655 343 1720 nonnulli
365 1657 526 1722 adduntur
547 1682 589 1723 ex
603 1658 784 1746 Tryphonis
808 1657 826 1720 ά
850 1661 983 1743 φυτικῶν
1005 1657 1156 1742 excerpti,
1179 1658 1230 1720 cui

10 1766 12 1773 '
50 1763 183 1824 nescio
197 1781 277 1822 num
292 1759 469 1825 Heraclidis
485 1783 612 1848 quoque
627 1762 818 1848 Syracusani
838 1761 1054 1826 testimonium
1069 1759 1230 1827 debeatur.

52 1860 96 1926 O.
116 1864 166 1926 81
192 1869 297 1926 totum
318 1862 556 1949 glossographis
579 1873 694 1929 scatet:
716 1872 900 1950 comparent
919 1863 1068 1928 Seleucus
1084 1861 1231 1926 Amerias

52 1965 281 2030 Timachidas
317 1966 477 2032 Nicander
510 1966 727 2053 Colophonius
768 1976 799 2032 et
836 1967 1048 2052 Thyatirenus
1087 1964 1231 2030 Philemo

52 2066 218 2133 Philetas
245 2068 394 2133 admixtis
431 2071 558 2134 comicis
585 2069 799 2156 Aristophane
829 2078 860 2136 et
885 2068 1038 2151 Alexide,
1075 2067 1232 2133 historicis

53 2171 240 2236 Hecataeo
268 2172 432 2237 Herodoto
460 2172 675 2237 Phanodemo.
727 2172 763 2237 O.
787 2175 827 2238 82
855 2173 959 2258 primo
987 2194 1028 2236 ex
1057 2171 1230 2257 Tryphone

55 2274 262 2339 auctoribus
292 2277 447 2361 appositis
469 2274 692 2362 Apollophane
723 2274 754 2341 ἐν
776 2277 885 2340 Δαλίδι
906 2283 938 2339 et
958 2264 1111 2339 Alcmane
1134 2273 1232 2363 [Sosi-

55 2377 138 2463 bio]
175 2385 207 2442 et
235 2377 378 2443 Hesiodo
408 2384 512 2460 μαζῶν
543 2380 673 2442 nomina
703 2378 855 2443 nonnulla
880 2386 1113 2442 enumerantur.
1169 2376 1232 2442 Sed

55 2479 182 2545 medio
210 2479 345 2565 legimus
373 2483 476 2568 capite
504 2481 714 2567 παραιτητέον
741 2482 776 2546 δὲ
803 2480 991 2561 καταλέγεινε
1023 2481 1113 2544 novit
1144 2482 1229 2546 enim

57 2584 315 2648 Aristomenem
336 2584 573 2669 Atheniensem,
602 2584 758 2648 Hadriani
779 2582 937 2667 libertum,
963 2583 1231 2670 Atticoperdicem

59 2686 100 2751 ἐν
137 2689 237 2773 τρίτῳ
270 2693 331 2752 τῶν
364 2688 445 2775 πρὸς
477 2687 535 2764 τὰς
566 2689 741 2774 ἱερουργίας
773 2686 866 2774 plura
897 2687 993 2752 etiam
1026 2687 1231 2773 suppeditare

59 2788 225 2871 nomina3
258 2811 317 2854 nec
338 2790 491 2855 exscribit
517 2789 609 2872 illud,
636 2791 734 2853 immo
755 2812 796 2854 ne
817 2789 858 2854 ad
880 2812 1010 2853 manum
1035 2789 1164 2876 quidem
1186 2790 1231 2854 vi-

63 2891 173 2958 detur
200 2890 360 2977 habuisse,
387 2893 467 2957 adeo
495 2915 561 2957 non
588 2891 628 2957 de
655 2915 689 2957 re
719 2892 776 2957 sed
802 2892 842 2956 de
868 2914 1005 2978 persona
1033 2891 1151 2956 multus
1173 2900 1229 2957 est.

63 2993 247 3058 Interiecta
265 3017 379 3060 vocum
395 2995 606 3083 ἀπελεύθερος
626 3004 658 3060 et
680 2992 879 3080 ἐξελεύθερος
901 2995 1070 3075 mentione,
1094 3016 1175 3080 quae
1197 2994 1231 3056 in

66 3105 244 3184 posterum
278 3100 491 3180 remittuntur,
524 3121 550 3164 c.
578 3099 618 3163 83
653 3096 794 3162 Galenus
820 3095 962 3161 medicus
990 3095 1232 3175 Ἀσκληπιαδῶν

69 3203 201 3266 παίδων
235 3201 381 3286 partibus
417 3203 571 3286 susceptis
605 3202 738 3287 apponit
770 3222 851 3286 quae
883 3198 1034 3285 Diphilus
1069 3199 1231 3285 Siphnius,

70 3302 225 3368 Philistio
240 3303 370 3387 Locrus,
393 3303 538 3369 Andreas
559 3303 736 3388 Carystius,
757 3301 953 3367 Mnesitheus
968 3301 1170 3367 Atheniensis
1193 3302 1232 3366 de

156 3503 182 3569 1)
200 3505 309 3556 Praeter
332 3520 413 3555 unum
438 3504 493 3554 fere
512 3505 657 3556 Homerum
681 3505 713 3555 de
734 3505 855 3555 omnibus
871 3505 1040 3570 scriptoribus
1061 3503 1132 3568 apud
1150 3502 1231 3553 Athe-

75 3613 177 3647 naeum
200 3614 300 3663 anceps
326 3603 366 3648 est
389 3598 529 3648 iudicium:
552 3597 736 3648 Archestratus
763 3613 822 3647 cum
847 3596 1031 3661 indignatione
1054 3596 1151 3661 ubique
1173 3597 1232 3660 pari

75 3687 248 3754 producitur3
267 3706 334 3756 quae
353 3692 382 3740 ni
396 3690 474 3741 fallor
492 3706 546 3741 una
562 3694 602 3739 est
615 3705 697 3739 causa
710 3705 806 3752 carum,
827 3704 945 3739 curcum
959 3689 992 3738 ab
1006 3688 1144 3739 Athenaeo
1157 3688 1232 3737 lecti·

75 3785 164 3831 tatum
189 3797 247 3831 esse
271 3783 392 3832 omnibus
418 3784 452 3834 sit
475 3797 637 3848 persuasum.
676 3781 729 3832 Sed
755 3781 824 3831 male
849 3781 898 3830 hac
922 3781 949 3832 iu
973 3797 1001 3831 re
1023 3780 1178 3832 Clearchum
1206 3785 1232 3829 et

77 3871 256 3938 Chrysippum
280 3875 404 3926 imitatur.
444 3871 487 3939 [cf.
508 3875 540 3938 X,
560 3873 641 3923 4570
661 3888 717 3938 sqq.
743 3873 816 3936 VIII,
835 3871 888 3921 335
903 3872 948 3923 be
967 3871 1022 3939 al.].
1066 3873 1144 3935 Quod
1167 3888 1231 3922 vero

77 3965 242 4030 Chrysippus
265 3970 368 4015 tantum
390 3965 480 4016 tribuit
498 3965 676 4028 Archestrato‚
702 3964 860 4015 documento
879 3969 968 4029 potest
986 3979 1044 4015 esse
1063 3963 1132 4031 [cnm
1151 3964 1232 4014 Ennii

77 4056 187 4123 studio]‚
210 4063 311 4124 quanta
329 4058 385 4109 eius
403 4057 482 4108 fuerit
500 4057 587 4121 fama3
605 4073 656 4107 nec
674 4057 813 4120 immerito,
832 4058 929 4123 quippe
949 4057 1023 4107 cuius
1042 4072 1132 4107 versus
1151 4056 1231 4106 etiam

78 4149 203 4200 Bentleio
223 4149 414 4216 elegantissimi
432 4150 483 4201 visi
501 4151 564 4202 sint.
1000 4154 1011 4187 λ
