2618 4614
598 289 619 351 5

19 507 133 574 opera
155 489 300 573 sciamus,
324 497 401 576 quot
421 489 531 556 talium
554 512 686 576 operum
708 489 913 578 exemplaria,
936 515 1031 579 quam
1052 496 1135 560 inter
1149 518 1183 575 se

10 590 151 663 [similia
179 600 314 672 exstent,
338 629 374 638 -
399 615 456 657 sex
483 595 682 658 recensiones
703 591 943 658 Krumbachero
968 596 1181 681 innotuerunt,
1276 589 1278 593 ¹

10 716 169 781 3quarum
184 694 320 758 indicem
335 717 366 780 p.
383 695 460 780 6sq.
477 693 549 759 adn.
564 696 584 759 2
599 694 771 777 exhibebo;
793 693 900 780 plures
916 697 1012 761 etiam
1025 699 1059 761 in
1071 696 1183 764 biblio-

10 797 134 869 rthecis
149 795 246 861 latere
261 818 356 882 quam
370 806 453 862 recte
469 798 510 861 sit
524 797 703 882 suspicatus
724 796 813 861 initio
835 796 1074 882 dissertationis,
1097 799 1182 865 lucu-

10 897 118 970 klento
130 897 276 984 exemplo
287 907 400 983 postea
410 899 652 964 confirmaturus
662 921 733 964 sum
745 935 780 948 -
795 899 900 964 minus
911 901 1017 983 refert,
1031 910 1067 965 ut
1076 924 1183 968 recen·

35 1002 134 1066 sionis
148 1002 241 1065 unius
257 1001 409 1086 cuiusque
424 1009 586 1065 auctorem
600 1002 797 1086 indagemus,
820 1024 916 1088 quam
930 1011 966 1066 ut
980 1002 1179 1070 enucleemus

10 1111 66 1175 eet
90 1102 217 1188 quando
244 1103 366 1188 primus
387 1101 501 1189 aliquis
523 1103 669 1188 exemplo
697 1103 861 1189 praeclaro
881 1105 968 1168 viam
988 1106 1179 1190 monstrarit,

10 1227 99 1292 rqua
124 1204 235 1268 lexicis
264 1201 361 1269 altero
390 1204 431 1269 ad
464 1203 691 1269 elementorum
721 1207 834 1270 seriem
867 1205 1052 1271 decurrente
1081 1205 1179 1272 altero

10 1306 209 1376 {secundum
230 1315 418 1391 argumenta
438 1308 472 1370 in
493 1308 599 1392 capita
612 1308 735 1392 digesto
758 1328 830 1371 cum
852 1309 1088 1373 conversatione
1104 1304 1179 1373 coti-

34 1409 130 1474 diana
150 1410 325 1473 coniunctis
347 1409 438 1494 pueri
461 1408 576 1474 Graeci
603 1407 698 1474 latine
719 1409 854 1474 Romani
882 1431 996 1494 graece
1016 1408 1104 1497 loqui
1126 1409 1180 1476 do-

10 1515 211 1598 ¹,ceantur¹),
240 1520 271 1576 et
296 1550 336 1560 —-
364 1510 450 1598 quod
476 1512 605 1596 gravim
632 1519 680 1576 est
708 1512 860 1598 priusque
887 1510 1115 1577 absolvendum
1137 1552 1178 1561 —

10 1658 13 1685 ς
31 1617 106 1702 quis
121 1616 242 1700 primus
257 1635 353 1679 ausus
368 1614 418 1696 sit,
438 1612 532 1678 lexici
545 1614 587 1679 ad
600 1635 706 1679 rerum
722 1612 864 1678 ordinem
879 1612 1072 1678 decurrentis
1088 1615 1179 1700 quasi

10 1716 241 1802 ¹archetypum
256 1717 455 1800 constituere,
478 1715 520 1779 ad
534 1717 623 1780 ouius
637 1738 780 1781 normam
795 1724 904 1780 nostra
925 1716 989 1780 sint
1003 1717 1179 1802 composita

10 1817 85 1884 {vel
106 1817 242 1883 redacta.
278 1819 331 1881 An
352 1819 385 1881 in
407 1840 445 1882 ea
465 1819 702 1883 ratiocinatione
717 1819 953 1904 acquiescemus
975 1819 1114 1904 quinque
1128 1817 1179 1883 vel

10 1928 94 1987 ³sex
114 1920 165 1985 vel
185 1920 293 2006 plures
314 1918 551 2006 ludimagistros
572 1919 705 1985 diversis
727 1919 923 2005 temporibus
945 1918 1079 1985 diversis
1100 1917 1178 1983 locis

22 2024 120 2090 idem
147 2025 268 2109 cepisse
297 2021 461 2087 consilium
483 2023 832 2108 interpretamentorum
861 2020 958 2087 libros
979 2029 1044 2087 tres
1066 2019 1178 2085 eadem

21 2127 155 2193 ratione
182 2125 307 2190 eodem·
321 2125 387 2190 fere
414 2123 523 2189 ordine
550 2125 743 2209 compositos
770 2125 804 2187 in
832 2122 1058 2210 discipulorum
1084 2144 1177 2188 usum

10 2200 253 2297 {conscribere‘l
302 2227 398 2306 Quod
425 2228 452 2290 si
473 2227 541 2291 veri
565 2233 614 2290 est
641 2225 807 2310 dissimile,
834 2227 938 2291 minus
968 2227 1061 2292 etiam
1086 2222 1178 2290 facile

10 2330 125 2414 ,nobis
153 2328 396 2416 persuadebitur
423 2329 529 2415 capita
549 2327 612 2410 illa,
638 2327 672 2391 in
693 2351 774 2415 quae
800 2330 929 2393 nomina
949 2328 1073 2414 digesta
1094 2336 1177 2411 sunt,

10 2430 73 2505 ,ab
96 2453 159 2495 uno
181 2454 307 2518 quoque
329 2430 563 2518 ἑρμηνευμάτων
584 2428 745 2495 conditore
766 2433 896 2518 proprio
910 2431 1012 2495 Marte
1033 2453 1102 2495 esse
1124 2452 1178 2495 ex-

10 2535 180 2620 rcogitata.
223 2531 331 2620 Atque
356 2534 396 2599 de
422 2531 476 2598 illa
503 2532 632 2620 quidem
654 2534 837 2619 quaestione
859 2534 901 2598 ad
921 2534 1083 2614 rationem,
1113 2554 1177 2619 qua

25 2637 124 2721 pueri
145 2637 289 2700 exeuntis
304 2636 500 2722 antiquitatis
520 2635 717 2723 temporibus
731 2635 977 2700 instituebantur
989 2655 1177 2722 pernoscen-

10 2727 106 2803 idam
134 2739 290 2825 imprimis
316 2739 407 2822 gravi
431 2758 516 2801 nunc
543 2759 607 2802 non
628 2736 741 2818 habeo,
771 2759 852 2823 quae
874 2739 919 2802 eis
941 2737 1066 2820 addam,
1094 2759 1176 2823 quae

13 2838 287 2957 nKrumbacher²)
317 2838 457 2904 indicare
484 2861 579 2925 quam
608 2861 768 2925 exponere
794 2840 920 2905 maluit:
953 2862 1045 2926 spero
1072 2840 1176 2904 virum

10 3016 28 3051 u

10 3087 189 3142 reamibendis
206 3102 334 3137 memores
353 3055 435 3137 simus
455 3103 553 3151 eorum,
576 3103 643 3153 quae
662 3103 688 3152 p.
709 3085 761 3135 23⁶
782 3085 936 3152 disputavit:
963 3087 1129 3152 ,Quinetiam
1148 3087 1177 3136 in

10 3184 133 3234 etcertum
149 3177 279 3244 quendam
298 3178 423 3230 librorum
436 3194 572 3230 numerum
584 3179 650 3229 haec
663 3194 758 3229 vocum
770 3177 931 3229 Graecarum
942 3179 1178 3244 interpretamenta

10 3271 61 3326 min
80 3270 273 3335 exemplaribus
285 3270 337 3320 illis
350 3270 516 3320 dividuntur:
533 3272 607 3321 cuins
619 3271 755 3320 divisionis
767 3270 896 3320 rationem
908 3269 1016 3320 minime
1028 3269 1177 3321 habendam

10 3363 195 3418 1‹existimavi:
215 3378 246 3412 ac
266 3378 299 3413 ne
317 3361 414 3412 habere
433 3362 538 3427 quidem
556 3362 637 3428 potui,
657 3376 736 3427 quum
756 3376 806 3411 nec
825 3361 914 3412 omnia
932 3377 999 3427 quae
1018 3361 1070 3411 illis
1089 3377 1177 3423 exorn-

10 3477 25 3510 :a
33 3455 150 3521 pleribus
170 3455 345 3516 continentur,
366 3453 478 3518 ederem,
497 3469 547 3504 nec
566 3452 678 3503 eundem
697 3450 816 3518 (propter
832 3453 905 3502 illam
919 3468 997 3519 quarn
1009 3452 1099 3518 paullo
1115 3458 1177 3505 ante

10 3555 22 3603 p
32 3547 109 3597 attuli
127 3544 270 3611 rationem)
290 3545 407 3596 ordinem
432 3542 590 3595 servarem“.
627 3544 729 3595 Eadem
752 3544 901 3594 invenimus
923 3545 953 3594 in
973 3544 1177 3596 Bonaventurae

10 3645 14 3670 ¹
32 3638 155 3689 Vulcanii
170 3637 249 3701 Brug.
272 3636 423 3703 „Thesauro
441 3636 576 3702 utriusque
593 3633 715 3702 linguae“
736 3650 807 3686 anno
829 3635 899 3684 1600
917 3635 1004 3702 Lugd.
1016 3636 1076 3687 Bat.
1095 3637 1177 3689 edito.

33 3745 60 3795 p.
80 3727 234 3779 237—281.

108 3818 136 3885 1)
155 3821 230 3871 Haec
255 3820 323 3869 enirn
348 3818 501 3885 plerumque
519 3819 601 3869 totius
620 3819 737 3885 corporis
759 3824 799 3870 est
823 3819 904 3870 ratio:
927 3819 995 3871 liber
1013 3820 1034 3873 1.
1059 3820 1178 3892 continet

33 3912 139 3963 lexicon
156 3905 222 3962 κατὰ
242 3913 371 3978 στοιχεῖον
389 3912 571 3977 compositum,
590 3910 656 3962 liber
674 3911 711 3961 H.
730 3911 759 3960 in
778 3911 866 3976 capita
885 3910 1025 3976 digestum
1043 3911 1110 3962 liber
1125 3902 1176 3962 111.

32 4004 195 4055 cotidianam
215 4004 451 4054 conversationem.
487 4003 567 4054 Plura
586 4001 618 4052 de
637 4000 678 4052 his
697 4002 775 4054 rebus
793 4001 873 4052 infra!

107 4093 137 4158 2)
163 4093 204 4145 Cf.
228 4094 245 4144 l.
271 4095 290 4144 l.
315 4110 342 4160 p.
368 4096 397 4145 2:
430 4094 681 4162 „Interpretamenta
711 4092 855 4145 Leidensia
885 4108 970 4158 neque
1002 4108 1019 4143 a
1048 4092 1177 4145 Dositheo

30 4187 161 4253 Magistro
180 4201 264 4252 neque
288 4186 391 4237 alulio
410 4186 531 4250 Polluce,
557 4184 604 4236 sed
630 4185 664 4236 ab
690 4199 823 4250 anonymo
849 4183 963 4251 quodam
988 4174 1178 4251 ludimagistro,
