2640 4628
725 242 766 307 36

171 433 335 534 ειίμενίδες.
357 437 481 504 Furiae.
504 441 632 506 Pareae.
766 445 839 526 ἠώς.
860 445 946 526 ἠοῦς.
968 446 1105 514 Aurora.
1299 468 1313 507 ν

173 536 261 626 ὡραι.
284 538 402 606 Horae.
767 550 849 629 τύχη.
875 549 1025 614 Fortuna.
1303 572 1308 611 ι

170 644 245 723 νίκη.
268 642 420 709 Victoria.
766 651 910 734 πρόνοια.
935 651 1152 718 Providentia.

171 745 289 826 οεμὲλη.
313 745 446 813 Semele.
766 752 855 834 πηγὴ.
878 754 973 818 Fons.

169 849 252 929 τιμὴ.
268 849 389 914 Honor.
765 855 939 943 κλειδώνῑ).
961 855 1066 921 Unda.

168 951 326 1016 θάλαοοα.
349 951 448 1018 Mare.
763 961 852 1023 λιταὶ.
874 958 998 1023 Preces.

171 1053 358 1130 ἀποθέωοις.
382 1053 595 1122 consecratio.

249 1155 386 1219 Ultimas
421 1179 479 1222 sex
505 1158 627 1243 glossas
661 1158 721 1223 hoc
748 1157 818 1224 loco
844 1162 901 1225 vix
927 1165 1182 1248 exspectaverim
1212 1188 1269 1229 mur
1305 1170 1317 1247 j·

167 1258 272 1343 aptius
292 1258 332 1323 ad
345 1259 518 1345 capitulum
530 1261 660 1349 aliquod
671 1264 742 1352 περὶ
752 1267 934 1349 θεοσεβείας
944 1264 1128 1330 referentur.
1159 1267 1281 1352 Spatia
1301 1299 1311 1321 ι

165 1359 250 1445 quod
271 1362 353 1426 inter
373 1364 479 1449 capita
500 1364 580 1429 solet
601 1375 736 1455 exstare,
763 1364 815 1430 hic
836 1365 1000 1452 expletum
1028 1376 1091 1452 est3
1122 1369 1181 1434 sed
1201 1370 1281 1435 eada*

165 1473 213 1527 est
235 1488 347 1530 manus
369 1489 470 1553 usque
492 1466 534 1532 ad
555 1477 731 1534 extremam
753 1467 901 1553 glossam.
1305 1496 1310 1533 ι

247 1566 354 1654 Caput
382 1568 446 1632 VH
484 1578 586 1636 totum
618 1594 750 1658 possum
789 1593 968 1657 apponere:
1006 1571 1028 1637 f.
1055 1573 1132 1637 179ν
1158 1597 1205 1662 sq.
1237 1574 1284 1658 ιιιρί

165 1670 291 1756 ἑορτῶν.

162 1772 309 1861 ἡὲορτή.
331 1773 472 1840 Festum.
494 1776 575 1840 Dies
596 1776 706 1841 festus.
761 1777 794 1841 ui
815 1775 930 1859 ἅρνίαι.
952 1777 1076 1844 Feriae.
1313 1840 1316 1869 [Ι

162 1876 181 1955 ἡ
204 1879 357 1957 νεομηνία.
378 1875 542 1943 Kalendae
563 1877 615 1944 vel
629 1880 717 1944 novi-
758 1877 776 1942 r‘
800 1877 902 1968 τροπὴ
925 1879 1088 1970 χειμερινὴ.
1110 1883 1237 1947 Bruma.
1314 1894 1317 1901 '

203 1977 334 2048 lunium.

245 2081 445 2168 [ἓαιάλοφος.
476 2081 714 2172 Septicollis]²).
758 2084 796 2147 τὰ
819 2085 937 2167 κρόνια.
961 2083 1152 2151 Saturnalia.

161 2183 197 2247 τὸ
221 2185 288 2247 νέον
310 2184 387 2261 ἔτος.
409 2184 520 2250 Novus
542 2208 653 2251 annus.
844 2185 1017 2273 [ἐνιαύσιος.
1047 2189 1209 2275 Annuus}

160 2287 200 2350 τὰ
212 2287 421 2367 ααναθήναια.
434 2287 713 2376 Quinqueparim).
756 2286 796 2352 τὰ
812 2288 963 2359 διονύοια.
982 2289 1153 2356 Liberalia.
1175 2291 1290 2357 Bacche

797 2391 890 2456 nalia.

159 2489 198 2554 τὰ
223 2494 321 2555 turin.
342 2491 539 2578 Lupercalia.
756 2493 795 2556 τὰ
817 2493 1028 2583 θεσμοφόρια.
1050 2494 1206 2563 Cerealia.

160 2592 200 2657 τὰ
224 2594 385 2677 ὃροθὲοια.
408 2595 608 2660 Terminalia.
756 2597 796 2660 τὰ
817 2600 951 2664 νεκύοια.
972 2597 1164 2663 Parentalia.

160 2695 200 2759 τοὶ
224 2695 417 2763 αοοειδώνια.
439 2697 640 2783 Neptunalia.
756 2697 796 2762 τὰ
818 2699 1032 2788 ἀπολλινάρια.
1053 2699 1260 2786 Apollinaris.

160 2797 200 2862 τὰ
223 2800 368 2887 οεράαια.
389 2800 463 2864 Isia.
756 2799 795 2864 τὰ
818 2803 909 2880 ἰόχια
933 2803 1097 2889 Pardia4).

161 2902 200 2964 τὰ
223 2902 404 2984 nerninem.
427 2900 615 2988 Didumar).
756 2902 796 2967 τὰ
819 2907 1018 2993 οκαοιφόρια.
1040 2904 1236 2995 Alutaria0).

160 3003 199 3067 τὰ
222 3003 407 3092 ἀφροδίσια.
429 3004 606 3071 Veneralia.
756 3005 870 3071 f.180r.
891 3007 1112 3094 ἡπαραοκενὴ.
1126 3007 1296 3096 Oenapura

236 3250 264 3313 1)
283 3253 359 3304 scrib.
379 3246 487 3303 νλαδών.
526 3252 560 3302 cf.
580 3252 641 3318 (lyr.
662 3245 780 3320 Ktttsv,
805 3253 894 3314 Estne,
919 3252 1029 3318 Gurges,
1055 3254 1144 3306 Unda.

235 3344 263 3402 2)
283 3360 349 3411 quae
364 3345 440 3394 uncis
458 3344 562 3409 inclusi,
581 3359 598 3393 a
617 3345 735 3408 margine
754 3345 890 3409 paululum
908 3349 1010 3394 remota
1028 3345 1160 3410 leguntur.

235 3438 263 3501 3)
283 3437 359 3487 scrib.
381 3433 598 3504 „Quinquatria“.
638 3434 671 3486 cf.
690 3434 792 3486 Philox.
814 3436 988 3500 Quinquatria
1008 3432 1194 3506 Παναθήναια.

233 3527 262 3593 4)
283 3529 358 3578 scrib.
381 3526 519 3593 „Parilia“.
563 3524 672 3594 „Pales“
693 3527 765 3592 apud
783 3527 884 3580 Philox.
904 3529 978 3579 audit
997 3524 1123 3598 Εὐνομία.
1149 3530 1232 3595 Apud
1251 3530 1298 3597 (lyr.

161 3625 201 3669 est
222 3617 315 3686 „rania
333 3615 388 3670 θεὰ
404 3617 499 3670 Pales“
521 3625 547 3669 et
568 3613 717 3687 „assueverit
736 3613 790 3669 θεὰ
808 3617 911 3670 Pales“.
952 3622 993 3670 De
1013 3615 1083 3690 ἰόχια
1102 3622 1224 3673 nondum
1244 3636 1300 3690 quae

161 3711 292 3778 proferam
311 3710 405 3762 habeo.

234 3803 263 3864 ὃ)
284 3804 360 3854 scrib.
381 3796 538 3871 μεγαλήοια;
561 3803 590 3852 in
611 3800 759 3868 „Diduma“
779 3802 872 3867 procul
894 3803 973 3854 dnbio
993 3803 1111 3854 eiusdem
1130 3805 1192 3856 festi
1211 3821 1299 3858 nomen

161 3912 220 3945 eum
239 3896 305 3945 deae
325 3894 440 3960 Cybelae
459 3899 634 3959 cognomento
656 3893 856 3958 „Dindymene“
877 3895 1021 3946 cohaerens
1040 3897 1114 3946 latet.
1160 3898 1228 3948 Oum
1246 3913 1299 3948 verr

161 3988 231 4051 apud
249 3987 385 4038 Romanos
403 3986 568 4050 Megalensia
585 4001 682 4036 nomen
707 3986 742 4036 sit
758 3986 966 4052 usitatissimum,
990 4003 1083 4039 vereor
1101 4004 1135 4038 ne
1156 3986 1297 4054 „meumst

162 4080 289 4129 versionis
308 4078 426 4130 Graecae
444 4078 571 4144 reliquiae
590 4079 651 4128 sint.

236 4170 264 4235 6)
284 4172 361 4223 scrib.
387 4164 575 4240 „uenenarium
600 4166 751 4221 Alvearia“.
789 4169 822 4220 cf.
843 4169 902 4235 cyr.
930 4164 1122 4240 „enneacrunos
1140 4169 1297 4222 Alvearius“.

1288 4286 1310 4326 -l
