<?xml version="1.0" encoding="UTF-8"?>
<!DOCTYPE html PUBLIC "-//W3C//DTD XHTML 1.0 Transitional//EN"
    "http://www.w3.org/TR/xhtml1/DTD/xhtml1-transitional.dtd">
<html xmlns="http://www.w3.org/1999/xhtml" xml:lang="en" lang="en">
 <head>
  <title>
</title>
<meta http-equiv="Content-Type" content="text/html;charset=utf-8" />
  <meta name='ocr-system' content='tesseract 3.04.00' />
  <meta name='ocr-capabilities' content='ocr_page ocr_carea ocr_par ocr_line ocrx_word'/>
</head>
<body>
  <div class='ocr_page' id='page_1' title='image "./delexicographis01schogoog_0087.png"; bbox 0 0 2618 4614; ppageno 0'>
   <div class='ocr_carea' id='block_1_1' title="bbox 632 228 675 292">
    <p class='ocr_par' dir='ltr' id='par_1_1' title="bbox 632 228 675 292">
     <span class='ocr_line' id='line_1_1' title="bbox 632 228 675 292; baseline 0 0"><span class='ocrx_word' id='word_1_1' title='bbox 632 228 675 292; x_wconf 72' lang='lat'>82</span> 
     </span>
    </p>
   </div>
   <div class='ocr_carea' id='block_1_2' title="bbox 78 427 1200 518">
    <p class='ocr_par' dir='ltr' id='par_1_2' title="bbox 78 427 1200 518">
     <span class='ocr_line' id='line_1_2' title="bbox 78 427 1200 518; baseline 0.001 -22"><span class='ocrx_word' id='word_1_2' title='bbox 78 434 214 496; x_wconf 64' lang='lat'>33-313.</span> <span class='ocrx_word' id='word_1_3' title='bbox 246 432 288 495; x_wconf 77' lang='lat' dir='ltr'>de</span> <span class='ocrx_word' id='word_1_4' title='bbox 316 433 398 496; x_wconf 73' lang='lat' dir='ltr'>escis</span> <span class='ocrx_word' id='word_1_5' title='bbox 430 432 528 495; x_wconf 75' lang='lat' dir='ltr'>variis</span> <span class='ocrx_word' id='word_1_6' title='bbox 554 433 589 495; x_wconf 91' lang='lat' dir='ltr'>in</span> <span class='ocrx_word' id='word_1_7' title='bbox 613 432 727 517; x_wconf 86' lang='lat' dir='ltr'>primis</span> <span class='ocrx_word' id='word_1_8' title='bbox 753 428 918 511; x_wconf 68' lang='lat' dir='ltr'>carnibus,</span> <span class='ocrx_word' id='word_1_9' title='bbox 951 437 1027 493; x_wconf 84' lang='lat' dir='ltr'>sunt</span> <span class='ocrx_word' id='word_1_10' title='bbox 1046 427 1200 518; x_wconf 76' lang='grc' dir='ltr'><strong>ἡμίκραιραι</strong></span> 
     </span>
    </p>
   </div>
   <div class='ocr_carea' id='block_1_3' title="bbox 73 536 1219 3605">
    <p class='ocr_par' dir='ltr' id='par_1_3' title="bbox 205 536 716 619">
     <span class='ocr_line' id='line_1_3' title="bbox 205 536 716 619; baseline 0 -22"><span class='ocrx_word' id='word_1_11' title='bbox 205 538 377 619; x_wconf 45' lang='lat' dir='ltr'>misum.</span> <span class='ocrx_word' id='word_1_12' title='bbox 398 536 632 617; x_wconf 60' lang='grc' dir='ltr'>ιριοιαιιῴος</span> <span class='ocrx_word' id='word_1_13' title='bbox 651 540 716 597; x_wconf 75' lang='lat' dir='ltr'>tri.</span> 
     </span>
    </p>

    <p class='ocr_par' dir='ltr' id='par_1_4' title="bbox 78 634 1219 823">
     <span class='ocr_line' id='line_1_4' title="bbox 78 634 1196 726; baseline 0.001 -25"><span class='ocrx_word' id='word_1_14' title='bbox 78 639 279 703; x_wconf 60' lang='lat' dir='ltr'>{siin-52.</span> <span class='ocrx_word' id='word_1_15' title='bbox 311 637 352 701; x_wconf 86' lang='lat' dir='ltr'>de</span> <span class='ocrx_word' id='word_1_16' title='bbox 377 636 507 701; x_wconf 75' lang='lat' dir='ltr'>aribus:</span> <span class='ocrx_word' id='word_1_17' title='bbox 540 654 614 701; x_wconf 75' lang='lat' dir='ltr'>sunt</span> <span class='ocrx_word' id='word_1_18' title='bbox 640 639 831 723; x_wconf 67' lang='lat' dir='ltr'>qaorumoi,</span> <span class='ocrx_word' id='word_1_19' title='bbox 859 634 1008 717; x_wconf 64' lang='grc' dir='ltr'>ἀτταγᾶς,</span> <span class='ocrx_word' id='word_1_20' title='bbox 1037 638 1196 726; x_wconf 75' lang='grc' dir='ltr'><strong>πορφυρίοι,</strong></span> 
     </span>
     <span class='ocr_line' id='line_1_5' title="bbox 204 740 1219 823; baseline 0 -18"><span class='ocrx_word' id='word_1_21' title='bbox 204 740 321 821; x_wconf 49' lang='lat' dir='ltr'>daig</span> <span class='ocrx_word' id='word_1_22' title='bbox 341 747 472 816; x_wconf 51' lang='lat' dir='ltr'>cassa</span> <span class='ocrx_word' id='word_1_23' title='bbox 493 744 646 823; x_wconf 73' lang='grc' dir='ltr'><strong>οῐροιθοί</strong></span> <span class='ocrx_word' id='word_1_24' title='bbox 666 747 731 805; x_wconf 77' lang='grc' dir='ltr'>πὶ.</span> <span class='ocrx_word' id='word_1_25' title='bbox 1216 749 1219 753; x_wconf 89' lang='grc'><strong>’</strong></span> 
     </span>
    </p>

    <p class='ocr_par' dir='ltr' id='par_1_5' title="bbox 77 840 1219 1027">
     <span class='ocr_line' id='line_1_6' title="bbox 77 840 1219 930; baseline 0.001 -23"><span class='ocrx_word' id='word_1_26' title='bbox 77 844 213 909; x_wconf 62' lang='lat' dir='ltr'>{ss-oo.</span> <span class='ocrx_word' id='word_1_27' title='bbox 240 844 469 909; x_wconf 67' lang='lat' dir='ltr'>decernibus:</span> <span class='ocrx_word' id='word_1_28' title='bbox 499 864 573 909; x_wconf 77' lang='lat' dir='ltr'>sunt</span> <span class='ocrx_word' id='word_1_29' title='bbox 593 845 803 927; x_wconf 70' lang='grc' dir='ltr'>παραστάται,</span> <span class='ocrx_word' id='word_1_30' title='bbox 830 840 945 907; x_wconf 72' lang='grc' dir='ltr'><strong>πνικτὰ</strong></span> <span class='ocrx_word' id='word_1_31' title='bbox 964 841 1104 930; x_wconf 69' lang='lat' dir='ltr'>apetitio,</span> <span class='ocrx_word' id='word_1_32' title='bbox 1126 849 1219 924; x_wconf 73' lang='grc' dir='ltr'><strong>γαλα-</strong></span> 
     </span>
     <span class='ocr_line' id='line_1_7' title="bbox 203 952 437 1027; baseline -0.009 -15"><span class='ocrx_word' id='word_1_33' title='bbox 203 952 297 1026; x_wconf 63' lang='lat' dir='ltr'>urvo·</span> <span class='ocrx_word' id='word_1_34' title='bbox 321 955 437 1027; x_wconf 74' lang='grc' dir='ltr'><strong>χοῖροι.</strong></span> 
     </span>
    </p>

    <p class='ocr_par' dir='ltr' id='par_1_6' title="bbox 77 1049 603 1127">
     <span class='ocr_line' id='line_1_8' title="bbox 77 1049 603 1127; baseline -0.004 -12"><span class='ocrx_word' id='word_1_35' title='bbox 77 1052 120 1115; x_wconf 74' lang='grc'>55</span> <span class='ocrx_word' id='word_1_36' title='bbox 130 1052 278 1115; x_wconf 69' lang='lat' dir='ltr'>tim—53.</span> <span class='ocrx_word' id='word_1_37' title='bbox 299 1049 341 1114; x_wconf 86' lang='lat' dir='ltr'>de</span> <span class='ocrx_word' id='word_1_38' title='bbox 361 1049 490 1114; x_wconf 78' lang='lat' dir='ltr'>aribus:</span> <span class='ocrx_word' id='word_1_39' title='bbox 511 1051 603 1127; x_wconf 73' lang='grc' dir='ltr'><strong>τούς,</strong></span> 
     </span>
    </p>

    <p class='ocr_par' dir='ltr' id='par_1_7' title="bbox 76 1152 456 1218">
     <span class='ocr_line' id='line_1_9' title="bbox 76 1152 456 1218; baseline 0 0"><span class='ocrx_word' id='word_1_40' title='bbox 76 1155 212 1218; x_wconf 61' lang='lat' dir='ltr'>&#39;rit-13⁹1.</span> <span class='ocrx_word' id='word_1_41' title='bbox 234 1153 275 1218; x_wconf 92' lang='lat' dir='ltr'>de</span> <span class='ocrx_word' id='word_1_42' title='bbox 296 1152 456 1218; x_wconf 78' lang='lat' dir='ltr'>carnibus.</span> 
     </span>
    </p>

    <p class='ocr_par' dir='ltr' id='par_1_8' title="bbox 78 1255 437 1341">
     <span class='ocr_line' id='line_1_10' title="bbox 78 1255 437 1341; baseline 0.003 -22"><span class='ocrx_word' id='word_1_43' title='bbox 78 1258 129 1319; x_wconf 79' lang='lat' dir='ltr'>il.</span> <span class='ocrx_word' id='word_1_44' title='bbox 151 1256 192 1320; x_wconf 87' lang='lat' dir='ltr'>de</span> <span class='ocrx_word' id='word_1_45' title='bbox 212 1255 437 1341; x_wconf 76' lang='lat' dir='ltr'>leguminibus.</span> 
     </span>
    </p>

    <p class='ocr_par' dir='ltr' id='par_1_9' title="bbox 77 1356 1066 1444">
     <span class='ocr_line' id='line_1_11' title="bbox 77 1356 1066 1444; baseline 0.002 -23"><span class='ocrx_word' id='word_1_46' title='bbox 77 1359 210 1422; x_wconf 67' lang='lat' dir='ltr'>ts-tit</span> <span class='ocrx_word' id='word_1_47' title='bbox 233 1359 274 1423; x_wconf 89' lang='lat' dir='ltr'>de</span> <span class='ocrx_word' id='word_1_48' title='bbox 295 1357 489 1444; x_wconf 84' lang='lat' dir='ltr'>supellectile</span> <span class='ocrx_word' id='word_1_49' title='bbox 509 1357 552 1420; x_wconf 88' lang='lat' dir='ltr'>ad</span> <span class='ocrx_word' id='word_1_50' title='bbox 572 1379 687 1421; x_wconf 84' lang='lat' dir='ltr'>manus</span> <span class='ocrx_word' id='word_1_51' title='bbox 706 1356 859 1421; x_wconf 70' lang='lat' dir='ltr'>brandus</span> <span class='ocrx_word' id='word_1_52' title='bbox 879 1358 1066 1444; x_wconf 81' lang='lat' dir='ltr'><strong>pertinente.</strong></span> 
     </span>
    </p>

    <p class='ocr_par' dir='ltr' id='par_1_10' title="bbox 75 1459 1072 1546">
     <span class='ocr_line' id='line_1_12' title="bbox 75 1459 1072 1546; baseline -0.001 -21"><span class='ocrx_word' id='word_1_53' title='bbox 75 1461 166 1526; x_wconf 85' lang='lat' dir='ltr'>Libri</span> <span class='ocrx_word' id='word_1_54' title='bbox 186 1462 303 1527; x_wconf 87' lang='lat' dir='ltr'>decimi</span> <span class='ocrx_word' id='word_1_55' title='bbox 323 1464 375 1526; x_wconf 69' lang='lat'>2¹30.</span> <span class='ocrx_word' id='word_1_56' title='bbox 397 1461 522 1546; x_wconf 73' lang='lat' dir='ltr'>glossae</span> <span class='ocrx_word' id='word_1_57' title='bbox 542 1483 626 1545; x_wconf 88' lang='lat' dir='ltr'>quae</span> <span class='ocrx_word' id='word_1_58' title='bbox 644 1460 688 1523; x_wconf 86' lang='lat' dir='ltr'>ad</span> <span class='ocrx_word' id='word_1_59' title='bbox 707 1459 885 1524; x_wconf 86' lang='lat' dir='ltr'>cenandum</span> <span class='ocrx_word' id='word_1_60' title='bbox 905 1461 1072 1546; x_wconf 74' lang='lat' dir='ltr'>pertinent</span> 
     </span>
    </p>

    <p class='ocr_par' dir='ltr' id='par_1_11' title="bbox 76 1560 1192 1752">
     <span class='ocr_line' id='line_1_13' title="bbox 76 1560 1192 1650; baseline 0 -23"><span class='ocrx_word' id='word_1_61' title='bbox 76 1564 211 1629; x_wconf 71' lang='lat'>21-30.</span> <span class='ocrx_word' id='word_1_62' title='bbox 239 1565 291 1629; x_wconf 78' lang='lat'>36.</span> <span class='ocrx_word' id='word_1_63' title='bbox 318 1564 369 1628; x_wconf 65' lang='lat'>31.</span> <span class='ocrx_word' id='word_1_64' title='bbox 396 1565 448 1628; x_wconf 71' lang='lat'>42.</span> <span class='ocrx_word' id='word_1_65' title='bbox 474 1564 526 1628; x_wconf 72' lang='lat'>43.</span> <span class='ocrx_word' id='word_1_66' title='bbox 552 1562 688 1628; x_wconf 70' lang='lat'>64—67.</span> <span class='ocrx_word' id='word_1_67' title='bbox 718 1562 845 1648; x_wconf 76' lang='lat' dir='ltr'><strong>glossae</strong></span> <span class='ocrx_word' id='word_1_68' title='bbox 872 1585 956 1650; x_wconf 89' lang='lat' dir='ltr'>quae</span> <span class='ocrx_word' id='word_1_69' title='bbox 980 1562 1024 1628; x_wconf 86' lang='lat' dir='ltr'>ad</span> <span class='ocrx_word' id='word_1_70' title='bbox 1049 1560 1192 1649; x_wconf 84' lang='lat' dir='ltr'>potandum</span> 
     </span>
     <span class='ocr_line' id='line_1_14' title="bbox 202 1668 370 1752; baseline 0 -22"><span class='ocrx_word' id='word_1_71' title='bbox 202 1668 370 1752; x_wconf 76' lang='lat' dir='ltr'>pertinent</span> 
     </span>
    </p>

    <p class='ocr_par' dir='ltr' id='par_1_12' title="bbox 76 1767 1200 2162">
     <span class='ocr_line' id='line_1_15' title="bbox 76 1767 1192 1854; baseline 0 -22"><span class='ocrx_word' id='word_1_72' title='bbox 76 1768 164 1834; x_wconf 85' lang='lat' dir='ltr'>Libri</span> <span class='ocrx_word' id='word_1_73' title='bbox 182 1769 341 1834; x_wconf 80' lang='lat' dir='ltr'>undecimi</span> <span class='ocrx_word' id='word_1_74' title='bbox 361 1770 454 1834; x_wconf 64' lang='lat'>2-43.</span> <span class='ocrx_word' id='word_1_75' title='bbox 479 1772 527 1832; x_wconf 95' lang='lat' dir='ltr'>ll.</span> <span class='ocrx_word' id='word_1_76' title='bbox 553 1769 685 1833; x_wconf 70' lang='lat'>17—20.</span> <span class='ocrx_word' id='word_1_77' title='bbox 705 1769 840 1833; x_wconf 61' lang='lat'>22-76.</span> <span class='ocrx_word' id='word_1_78' title='bbox 861 1769 1018 1834; x_wconf 85' lang='lat'>86-111.</span> <span class='ocrx_word' id='word_1_79' title='bbox 1039 1767 1192 1854; x_wconf 86' lang='lat' dir='ltr'>poculorum</span> 
     </span>
     <span class='ocr_line' id='line_1_16' title="bbox 200 1869 1192 1958; baseline -0.001 -23"><span class='ocrx_word' id='word_1_80' title='bbox 200 1873 364 1957; x_wconf 54' lang='lat' dir='ltr'>nominati</span> <span class='ocrx_word' id='word_1_81' title='bbox 391 1870 473 1934; x_wconf 74' lang='grc' dir='ltr'>κατὰ</span> <span class='ocrx_word' id='word_1_82' title='bbox 498 1881 655 1948; x_wconf 72' lang='grc' dir='ltr'><strong>οτοιχεῖοι·</strong></span> <span class='ocrx_word' id='word_1_83' title='bbox 682 1882 910 1958; x_wconf 86' lang='lat' dir='ltr'>percensentur</span> <span class='ocrx_word' id='word_1_84' title='bbox 932 1894 976 1936; x_wconf 92' lang='lat' dir='ltr'>ne</span> <span class='ocrx_word' id='word_1_85' title='bbox 999 1873 1076 1937; x_wconf 85' lang='lat' dir='ltr'>baec</span> <span class='ocrx_word' id='word_1_86' title='bbox 1094 1869 1192 1958; x_wconf 86' lang='lat' dir='ltr'>quideu</span> 
     </span>
     <span class='ocr_line' id='line_1_17' title="bbox 200 1973 1200 2062; baseline -0.002 -25"><span class='ocrx_word' id='word_1_87' title='bbox 200 1973 346 2062; x_wconf 81' lang='lat' dir='ltr'>plumbus</span> <span class='ocrx_word' id='word_1_88' title='bbox 367 1997 464 2061; x_wconf 89' lang='lat' dir='ltr'>quam</span> <span class='ocrx_word' id='word_1_89' title='bbox 480 1997 609 2061; x_wconf 80' lang='lat' dir='ltr'>semper</span> <span class='ocrx_word' id='word_1_90' title='bbox 620 1977 735 2061; x_wconf 80' lang='lat' dir='ltr'>prima,</span> <span class='ocrx_word' id='word_1_91' title='bbox 749 1974 849 2040; x_wconf 86' lang='lat' dir='ltr'>altera</span> <span class='ocrx_word' id='word_1_92' title='bbox 860 1996 1095 2061; x_wconf 76' lang='lat' dir='ltr'>nonnumquam</span> <span class='ocrx_word' id='word_1_93' title='bbox 1107 1973 1200 2038; x_wconf 64' lang='lat' dir='ltr'>litters</span> 
     </span>
     <span class='ocr_line' id='line_1_18' title="bbox 199 2080 364 2162; baseline 0 -21"><span class='ocrx_word' id='word_1_94' title='bbox 199 2080 364 2162; x_wconf 80' lang='lat' dir='ltr'>respectis,</span> 
     </span>
    </p>

    <p class='ocr_par' dir='ltr' id='par_1_13' title="bbox 74 2179 816 2265">
     <span class='ocr_line' id='line_1_19' title="bbox 74 2179 816 2265; baseline 0.005 -23"><span class='ocrx_word' id='word_1_95' title='bbox 74 2179 164 2242; x_wconf 87' lang='lat' dir='ltr'>Libri</span> <span class='ocrx_word' id='word_1_96' title='bbox 186 2181 292 2265; x_wconf 88' lang='lat' dir='ltr'>quarti</span> <span class='ocrx_word' id='word_1_97' title='bbox 313 2180 429 2245; x_wconf 86' lang='lat' dir='ltr'>decimi</span> <span class='ocrx_word' id='word_1_98' title='bbox 449 2181 585 2246; x_wconf 84' lang='grc'><strong>46-68.</strong></span> <span class='ocrx_word' id='word_1_99' title='bbox 607 2180 648 2245; x_wconf 88' lang='lat' dir='ltr'>de</span> <span class='ocrx_word' id='word_1_100' title='bbox 668 2180 816 2246; x_wconf 68' lang='lat' dir='ltr'>bedarim</span> 
     </span>
    </p>

    <p class='ocr_par' dir='ltr' id='par_1_14' title="bbox 74 2283 854 2369">
     <span class='ocr_line' id='line_1_20' title="bbox 74 2283 854 2369; baseline 0.001 -23"><span class='ocrx_word' id='word_1_101' title='bbox 74 2284 209 2347; x_wconf 68' lang='lat'>69-15.</span> <span class='ocrx_word' id='word_1_102' title='bbox 232 2283 272 2347; x_wconf 92' lang='lat' dir='ltr'>de</span> <span class='ocrx_word' id='word_1_103' title='bbox 293 2283 407 2348; x_wconf 75' lang='lat' dir='ltr'>avibus</span> <span class='ocrx_word' id='word_1_104' title='bbox 428 2285 527 2348; x_wconf 78' lang='lat' dir='ltr'>variis</span> <span class='ocrx_word' id='word_1_105' title='bbox 547 2285 629 2348; x_wconf 88' lang='lat' dir='ltr'>escis</span> <span class='ocrx_word' id='word_1_106' title='bbox 650 2284 854 2369; x_wconf 84' lang='lat' dir='ltr'>interpositis.</span> 
     </span>
    </p>

    <p class='ocr_par' dir='ltr' id='par_1_15' title="bbox 75 2384 933 2473">
     <span class='ocr_line' id='line_1_21' title="bbox 75 2384 933 2473; baseline 0.001 -26"><span class='ocrx_word' id='word_1_107' title='bbox 75 2384 125 2448; x_wconf 77' lang='lat'>76.</span> <span class='ocrx_word' id='word_1_108' title='bbox 147 2385 281 2450; x_wconf 74' lang='lat'>8‘2-85.</span> <span class='ocrx_word' id='word_1_109' title='bbox 304 2386 344 2451; x_wconf 91' lang='lat' dir='ltr'>de</span> <span class='ocrx_word' id='word_1_110' title='bbox 364 2386 504 2451; x_wconf 85' lang='lat' dir='ltr'>bellariis</span> <span class='ocrx_word' id='word_1_111' title='bbox 525 2387 669 2473; x_wconf 87' lang='lat' dir='ltr'>cibisque</span> <span class='ocrx_word' id='word_1_112' title='bbox 689 2384 933 2451; x_wconf 78' lang='lat' dir='ltr'>delicatioribus.</span> 
     </span>
    </p>

    <p class='ocr_par' dir='ltr' id='par_1_16' title="bbox 73 2486 752 2574">
     <span class='ocr_line' id='line_1_22' title="bbox 73 2486 752 2574; baseline 0.007 -24"><span class='ocrx_word' id='word_1_113' title='bbox 73 2486 164 2551; x_wconf 90' lang='lat' dir='ltr'>Libri</span> <span class='ocrx_word' id='word_1_114' title='bbox 184 2490 288 2574; x_wconf 89' lang='lat' dir='ltr'>quinti</span> <span class='ocrx_word' id='word_1_115' title='bbox 308 2489 423 2554; x_wconf 89' lang='lat' dir='ltr'>decimi</span> <span class='ocrx_word' id='word_1_116' title='bbox 444 2491 537 2555; x_wconf 74' lang='grc'><strong>2-7.</strong></span> <span class='ocrx_word' id='word_1_117' title='bbox 559 2491 600 2555; x_wconf 94' lang='lat' dir='ltr'>de</span> <span class='ocrx_word' id='word_1_118' title='bbox 619 2491 752 2555; x_wconf 89' lang='lat' dir='ltr'>lusibus.</span> 
     </span>
    </p>

    <p class='ocr_par' dir='ltr' id='par_1_17' title="bbox 78 2591 828 2679">
     <span class='ocr_line' id='line_1_23' title="bbox 78 2591 828 2679; baseline 0.005 -26"><span class='ocrx_word' id='word_1_119' title='bbox 78 2594 125 2654; x_wconf 92' lang='grc'>11.</span> <span class='ocrx_word' id='word_1_120' title='bbox 151 2591 198 2654; x_wconf 77' lang='grc'>12.</span> <span class='ocrx_word' id='word_1_121' title='bbox 224 2591 356 2656; x_wconf 71' lang='lat' dir='ltr'>lli—32.</span> <span class='ocrx_word' id='word_1_122' title='bbox 379 2592 419 2657; x_wconf 87' lang='lat' dir='ltr'>de</span> <span class='ocrx_word' id='word_1_123' title='bbox 440 2595 565 2658; x_wconf 82' lang='lat' dir='ltr'>coronis</span> <span class='ocrx_word' id='word_1_124' title='bbox 586 2592 782 2679; x_wconf 90' lang='lat' dir='ltr'>floribusque</span> <span class='ocrx_word' id='word_1_125' title='bbox 791 2595 828 2677; x_wconf 84' lang='lat'>²).</span> 
     </span>
    </p>

    <p class='ocr_par' dir='ltr' id='par_1_18' title="bbox 74 2693 551 2780">
     <span class='ocr_line' id='line_1_24' title="bbox 74 2693 551 2780; baseline 0.008 -24"><span class='ocrx_word' id='word_1_126' title='bbox 74 2693 126 2756; x_wconf 88' lang='lat'>33.</span> <span class='ocrx_word' id='word_1_127' title='bbox 149 2695 284 2758; x_wconf 75' lang='lat'>36-46.</span> <span class='ocrx_word' id='word_1_128' title='bbox 308 2693 348 2758; x_wconf 87' lang='lat' dir='ltr'>de</span> <span class='ocrx_word' id='word_1_129' title='bbox 369 2697 551 2780; x_wconf 84' lang='lat' dir='ltr'>unguentis.</span> 
     </span>
    </p>

    <p class='ocr_par' dir='ltr' id='par_1_19' title="bbox 75 2795 477 2863">
     <span class='ocr_line' id='line_1_25' title="bbox 75 2795 477 2863; baseline 0.012 -5"><span class='ocrx_word' id='word_1_130' title='bbox 75 2797 210 2860; x_wconf 75' lang='lat'>57-61.</span> <span class='ocrx_word' id='word_1_131' title='bbox 234 2795 273 2860; x_wconf 90' lang='lat' dir='ltr'>de</span> <span class='ocrx_word' id='word_1_132' title='bbox 295 2795 477 2863; x_wconf 91' lang='lat' dir='ltr'>luminibus.</span> 
     </span>
    </p>

    <p class='ocr_par' dir='ltr' id='par_1_20' title="bbox 73 2896 1208 3501">
     <span class='ocr_line' id='line_1_26' title="bbox 159 2896 1193 2986; baseline -0.002 -26"><span class='ocrx_word' id='word_1_133' title='bbox 159 2897 250 2979; x_wconf 80' lang='lat' dir='ltr'>Quae</span> <span class='ocrx_word' id='word_1_134' title='bbox 271 2897 421 2963; x_wconf 90' lang='lat' dir='ltr'>hocloco</span> <span class='ocrx_word' id='word_1_135' title='bbox 444 2903 536 2986; x_wconf 82' lang='lat' dir='ltr'>coegi</span> <span class='ocrx_word' id='word_1_136' title='bbox 557 2900 771 2966; x_wconf 84' lang='lat' dir='ltr'>examinanda</span> <span class='ocrx_word' id='word_1_137' title='bbox 790 2900 979 2981; x_wconf 81' lang='lat' dir='ltr'>accuratius,</span> <span class='ocrx_word' id='word_1_138' title='bbox 1001 2896 1058 2963; x_wconf 94' lang='lat' dir='ltr'>ubi</span> <span class='ocrx_word' id='word_1_139' title='bbox 1076 2921 1127 2984; x_wconf 91' lang='lat' dir='ltr'>pro</span> <span class='ocrx_word' id='word_1_140' title='bbox 1138 2904 1193 2960; x_wconf 84' lang='lat' dir='ltr'>ton</span> 
     </span>
     <span class='ocr_line' id='line_1_27' title="bbox 74 2997 1194 3090; baseline -0.005 -25"><span class='ocrx_word' id='word_1_141' title='bbox 74 3022 152 3086; x_wconf 86' lang='lat' dir='ltr'>pore</span> <span class='ocrx_word' id='word_1_142' title='bbox 180 3000 296 3085; x_wconf 80' lang='lat' dir='ltr'>licebit,</span> <span class='ocrx_word' id='word_1_143' title='bbox 326 3003 354 3064; x_wconf 89' lang='lat' dir='ltr'>si</span> <span class='ocrx_word' id='word_1_144' title='bbox 381 3003 469 3088; x_wconf 87' lang='lat' dir='ltr'>apud</span> <span class='ocrx_word' id='word_1_145' title='bbox 490 3004 689 3069; x_wconf 84' lang='lat' dir='ltr'>Athenaeum</span> <span class='ocrx_word' id='word_1_146' title='bbox 711 3003 922 3090; x_wconf 72' lang='lat' dir='ltr'>perlustratis,</span> <span class='ocrx_word' id='word_1_147' title='bbox 951 3002 1052 3068; x_wconf 92' lang='lat' dir='ltr'>multa</span> <span class='ocrx_word' id='word_1_148' title='bbox 1079 2997 1194 3066; x_wconf 86' lang='lat' dir='ltr'>omnibu</span> 
     </span>
     <span class='ocr_line' id='line_1_28' title="bbox 74 3097 1197 3195; baseline -0.006 -27"><span class='ocrx_word' id='word_1_149' title='bbox 74 3105 256 3168; x_wconf 87' lang='lat' dir='ltr'>communia</span> <span class='ocrx_word' id='word_1_150' title='bbox 275 3104 410 3169; x_wconf 82' lang='lat' dir='ltr'>ridebis.</span> <span class='ocrx_word' id='word_1_151' title='bbox 453 3105 658 3171; x_wconf 88' lang='lat' dir='ltr'>Testimoniis</span> <span class='ocrx_word' id='word_1_152' title='bbox 680 3129 721 3171; x_wconf 84' lang='lat' dir='ltr'>ex</span> <span class='ocrx_word' id='word_1_153' title='bbox 741 3108 845 3192; x_wconf 88' lang='lat' dir='ltr'>poetis</span> <span class='ocrx_word' id='word_1_154' title='bbox 864 3104 1056 3195; x_wconf 87' lang='lat' dir='ltr'>[oratoribus</span> <span class='ocrx_word' id='word_1_155' title='bbox 1069 3097 1197 3168; x_wconf 78' lang='lat' dir='ltr'>historicis</span> 
     </span>
     <span class='ocr_line' id='line_1_29' title="bbox 74 3205 1204 3296; baseline -0.006 -24"><span class='ocrx_word' id='word_1_156' title='bbox 74 3207 284 3296; x_wconf 85' lang='lat' dir='ltr'>philosophis]</span> <span class='ocrx_word' id='word_1_157' title='bbox 306 3209 445 3294; x_wconf 88' lang='lat' dir='ltr'>antiquis</span> <span class='ocrx_word' id='word_1_158' title='bbox 467 3211 627 3295; x_wconf 84' lang='lat' dir='ltr'>congestis</span> <span class='ocrx_word' id='word_1_159' title='bbox 648 3208 766 3295; x_wconf 90' lang='lat' dir='ltr'>ubique</span> <span class='ocrx_word' id='word_1_160' title='bbox 787 3210 942 3274; x_wconf 80' lang='lat' dir='ltr'>accedunt</span> <span class='ocrx_word' id='word_1_161' title='bbox 962 3217 995 3274; x_wconf 90' lang='lat' dir='ltr'>et</span> <span class='ocrx_word' id='word_1_162' title='bbox 1008 3205 1204 3295; x_wconf 83' lang='lat' dir='ltr'>grammatico·</span> 
     </span>
     <span class='ocr_line' id='line_1_30' title="bbox 73 3311 1208 3398; baseline -0.003 -23"><span class='ocrx_word' id='word_1_163' title='bbox 73 3335 144 3375; x_wconf 85' lang='lat' dir='ltr'>rum</span> <span class='ocrx_word' id='word_1_164' title='bbox 167 3311 207 3376; x_wconf 91' lang='lat' dir='ltr'>de</span> <span class='ocrx_word' id='word_1_165' title='bbox 227 3334 418 3398; x_wconf 83' lang='lat' dir='ltr'>unaquaque</span> <span class='ocrx_word' id='word_1_166' title='bbox 438 3334 517 3378; x_wconf 78' lang='lat' dir='ltr'>voce</span> <span class='ocrx_word' id='word_1_167' title='bbox 537 3312 757 3377; x_wconf 87' lang='lat' dir='ltr'>adnotationes</span> <span class='ocrx_word' id='word_1_168' title='bbox 784 3321 816 3376; x_wconf 86' lang='lat' dir='ltr'>et</span> <span class='ocrx_word' id='word_1_169' title='bbox 836 3313 1032 3378; x_wconf 87' lang='lat' dir='ltr'>medicorum</span> <span class='ocrx_word' id='word_1_170' title='bbox 1053 3318 1208 3398; x_wconf 70' lang='lat' dir='ltr'>coquorum</span> 
     </span>
     <span class='ocr_line' id='line_1_31' title="bbox 74 3414 666 3501; baseline 0.003 -24"><span class='ocrx_word' id='word_1_171' title='bbox 74 3414 280 3500; x_wconf 85' lang='lat' dir='ltr'>physicorum</span> <span class='ocrx_word' id='word_1_172' title='bbox 300 3438 406 3480; x_wconf 88' lang='lat' dir='ltr'>rerum</span> <span class='ocrx_word' id='word_1_173' title='bbox 428 3415 666 3501; x_wconf 86' lang='lat' dir='ltr'>explicationes.</span> 
     </span>
    </p>

    <p class='ocr_par' dir='ltr' id='par_1_21' title="bbox 159 3513 1219 3605">
     <span class='ocr_line' id='line_1_32' title="bbox 159 3513 1219 3605; baseline 0 -24"><span class='ocrx_word' id='word_1_174' title='bbox 159 3519 440 3605; x_wconf 77' lang='grc' dir='ltr'><strong>Περιεργοπένητας</strong></span> <span class='ocrx_word' id='word_1_175' title='bbox 448 3520 476 3605; x_wconf 84' lang='lat'>³)</span> <span class='ocrx_word' id='word_1_176' title='bbox 491 3519 685 3604; x_wconf 86' lang='lat' dir='ltr'>Diogeuiani</span> <span class='ocrx_word' id='word_1_177' title='bbox 699 3517 854 3603; x_wconf 86' lang='lat' dir='ltr'>Hesychii</span> <span class='ocrx_word' id='word_1_178' title='bbox 868 3517 1042 3582; x_wconf 89' lang='lat' dir='ltr'>secundum</span> <span class='ocrx_word' id='word_1_179' title='bbox 1058 3513 1219 3605; x_wconf 76' lang='lat' dir='ltr'>epistulam</span> 
     </span>
    </p>
   </div>
   <div class='ocr_carea' id='block_1_4' title="bbox 72 3636 121 3644">
    <p class='ocr_par' dir='ltr' id='par_1_22' title="bbox 72 3636 121 3644">
     <span class='ocr_line' id='line_1_33' title="bbox 72 3636 121 3644; baseline -0.02 0"><span class='ocrx_word' id='word_1_180' title='bbox 72 3636 121 3644; x_wconf 75' lang='lat'>...—</span> 
     </span>
    </p>
   </div>
   <div class='ocr_carea' id='block_1_5' title="bbox 76 3679 1219 4023">
    <p class='ocr_par' dir='ltr' id='par_1_23' title="bbox 151 3679 581 3749">
     <span class='ocr_line' id='line_1_34' title="bbox 151 3679 581 3749; baseline 0.014 -20"><span class='ocrx_word' id='word_1_181' title='bbox 151 3679 179 3745; x_wconf 89' lang='grc'>1)</span> <span class='ocrx_word' id='word_1_182' title='bbox 198 3682 332 3733; x_wconf 88' lang='lat' dir='ltr'>Promissa</span> <span class='ocrx_word' id='word_1_183' title='bbox 351 3689 427 3735; x_wconf 87' lang='lat' dir='ltr'>erant</span> <span class='ocrx_word' id='word_1_184' title='bbox 445 3685 477 3749; x_wconf 87' lang='lat' dir='ltr'>X,</span> <span class='ocrx_word' id='word_1_185' title='bbox 491 3684 581 3735; x_wconf 61' lang='lat'>4231).</span> 
     </span>
    </p>

    <p class='ocr_par' dir='ltr' id='par_1_24' title="bbox 76 3767 1219 4023">
     <span class='ocr_line' id='line_1_35' title="bbox 149 3767 1219 3840; baseline 0.003 -20"><span class='ocrx_word' id='word_1_186' title='bbox 149 3771 178 3838; x_wconf 64' lang='grc' dir='ltr'>ἓ)</span> <span class='ocrx_word' id='word_1_187' title='bbox 198 3773 252 3825; x_wconf 86' lang='lat' dir='ltr'>Sed</span> <span class='ocrx_word' id='word_1_188' title='bbox 265 3791 287 3825; x_wconf 89' lang='lat' dir='ltr'>c.</span> <span class='ocrx_word' id='word_1_189' title='bbox 300 3775 334 3823; x_wconf 82' lang='lat'>26</span> <span class='ocrx_word' id='word_1_190' title='bbox 347 3791 373 3840; x_wconf 88' lang='lat' dir='ltr'>p.</span> <span class='ocrx_word' id='word_1_191' title='bbox 385 3775 437 3824; x_wconf 88' lang='lat'>680</span> <span class='ocrx_word' id='word_1_192' title='bbox 449 3777 466 3827; x_wconf 93' lang='lat' dir='ltr'>d</span> <span class='ocrx_word' id='word_1_193' title='bbox 478 3777 636 3828; x_wconf 87' lang='lat' dir='ltr'>Parthenius</span> <span class='ocrx_word' id='word_1_194' title='bbox 649 3767 722 3826; x_wconf 80' lang='grc' dir='ltr'>ὃτοῦ</span> <span class='ocrx_word' id='word_1_195' title='bbox 734 3770 873 3827; x_wconf 82' lang='grc' dir='ltr'><strong>Διονυσίου</strong></span> <span class='ocrx_word' id='word_1_196' title='bbox 883 3777 991 3839; x_wconf 81' lang='lat' dir='ltr'>citatur3</span> <span class='ocrx_word' id='word_1_197' title='bbox 1003 3777 1076 3827; x_wconf 90' lang='lat' dir='ltr'>idem</span> <span class='ocrx_word' id='word_1_198' title='bbox 1086 3774 1185 3840; x_wconf 60' lang='lat' dir='ltr'>xum</span> <span class='ocrx_word' id='word_1_199' title='bbox 1199 3777 1219 3814; x_wconf 73' lang='lat'><strong><em>⁶</em></strong></span> 
     </span>
     <span class='ocr_line' id='line_1_36' title="bbox 76 3863 1219 3935; baseline 0.006 -24"><span class='ocrx_word' id='word_1_200' title='bbox 76 3863 125 3913; x_wconf 79' lang='lat'>501</span> <span class='ocrx_word' id='word_1_201' title='bbox 140 3880 164 3916; x_wconf 88' lang='lat' dir='ltr'>a.</span> <span class='ocrx_word' id='word_1_202' title='bbox 187 3865 266 3915; x_wconf 80' lang='lat' dir='ltr'>783b</span> <span class='ocrx_word' id='word_1_203' title='bbox 291 3866 435 3933; x_wconf 87' lang='lat' dir='ltr'>discipulus</span> <span class='ocrx_word' id='word_1_204' title='bbox 454 3873 484 3919; x_wconf 87' lang='lat' dir='ltr'>ut</span> <span class='ocrx_word' id='word_1_205' title='bbox 502 3870 606 3920; x_wconf 85' lang='lat' dir='ltr'>videtur</span> <span class='ocrx_word' id='word_1_206' title='bbox 624 3870 680 3918; x_wconf 88' lang='lat' dir='ltr'>eius</span> <span class='ocrx_word' id='word_1_207' title='bbox 699 3868 830 3934; x_wconf 82' lang='lat' dir='ltr'>Dionysii,</span> <span class='ocrx_word' id='word_1_208' title='bbox 854 3884 932 3935; x_wconf 89' lang='lat' dir='ltr'>quem</span> <span class='ocrx_word' id='word_1_209' title='bbox 951 3868 1048 3921; x_wconf 78' lang='lat' dir='ltr'>Suidas</span> <span class='ocrx_word' id='word_1_210' title='bbox 1067 3869 1177 3922; x_wconf 85' lang='lat' dir='ltr'>Neronis</span> <span class='ocrx_word' id='word_1_211' title='bbox 1199 3871 1219 3908; x_wconf 70' lang='grc' dir='ltr'><strong><em>ὃ</em></strong></span> 
     </span>
     <span class='ocr_line' id='line_1_37' title="bbox 76 3957 483 4023; baseline 0.01 -16"><span class='ocrx_word' id='word_1_212' title='bbox 76 3957 184 4008; x_wconf 86' lang='lat' dir='ltr'>Traiani</span> <span class='ocrx_word' id='word_1_213' title='bbox 203 3959 365 4023; x_wconf 87' lang='lat' dir='ltr'>temporibus</span> <span class='ocrx_word' id='word_1_214' title='bbox 384 3960 483 4011; x_wconf 88' lang='lat' dir='ltr'>tribuit.</span> 
     </span>
    </p>
   </div>
   <div class='ocr_carea' id='block_1_6' title="bbox 85 4044 1219 4213">
    <p class='ocr_par' dir='ltr' id='par_1_25' title="bbox 85 4044 1219 4213">
     <span class='ocr_line' id='line_1_38' title="bbox 148 4044 1219 4119; baseline 0.005 -19"><span class='ocrx_word' id='word_1_215' title='bbox 148 4049 176 4117; x_wconf 85' lang='grc'>3)</span> <span class='ocrx_word' id='word_1_216' title='bbox 197 4050 300 4101; x_wconf 90' lang='lat' dir='ltr'>Titulus</span> <span class='ocrx_word' id='word_1_217' title='bbox 320 4051 407 4116; x_wconf 90' lang='lat' dir='ltr'>operis</span> <span class='ocrx_word' id='word_1_218' title='bbox 426 4068 475 4102; x_wconf 85' lang='lat' dir='ltr'>nos</span> <span class='ocrx_word' id='word_1_219' title='bbox 494 4068 548 4103; x_wconf 93' lang='lat' dir='ltr'>nou</span> <span class='ocrx_word' id='word_1_220' title='bbox 568 4052 646 4103; x_wconf 83' lang='lat' dir='ltr'>debet</span> <span class='ocrx_word' id='word_1_221' title='bbox 664 4052 733 4103; x_wconf 87' lang='lat' dir='ltr'>male</span> <span class='ocrx_word' id='word_1_222' title='bbox 748 4052 860 4114; x_wconf 83' lang='lat' dir='ltr'>habere3</span> <span class='ocrx_word' id='word_1_223' title='bbox 880 4053 999 4104; x_wconf 89' lang='lat' dir='ltr'>similiter</span> <span class='ocrx_word' id='word_1_224' title='bbox 1016 4055 1117 4119; x_wconf 89' lang='lat' dir='ltr'>posteri</span> <span class='ocrx_word' id='word_1_225' title='bbox 1134 4044 1219 4105; x_wconf 79' lang='lat' dir='ltr'>lexici</span> 
     </span>
     <span class='ocr_line' id='line_1_39' title="bbox 85 4143 1219 4213; baseline 0.005 -23"><span class='ocrx_word' id='word_1_226' title='bbox 85 4143 277 4207; x_wconf 80' lang='lat' dir='ltr'>ascripserunt,</span> <span class='ocrx_word' id='word_1_227' title='bbox 291 4143 364 4194; x_wconf 83' lang='lat' dir='ltr'>volut</span> <span class='ocrx_word' id='word_1_228' title='bbox 379 4143 556 4209; x_wconf 85' lang='lat' dir='ltr'>,Thesaurum</span> <span class='ocrx_word' id='word_1_229' title='bbox 572 4161 716 4210; x_wconf 87' lang='lat' dir='ltr'>pauperum</span> <span class='ocrx_word' id='word_1_230' title='bbox 730 4143 876 4196; x_wconf 83' lang='lat' dir='ltr'>medicum“</span> <span class='ocrx_word' id='word_1_231' title='bbox 892 4146 1012 4196; x_wconf 89' lang='lat' dir='ltr'>condidit</span> <span class='ocrx_word' id='word_1_232' title='bbox 1022 4147 1117 4198; x_wconf 90' lang='lat' dir='ltr'>Petrus</span> <span class='ocrx_word' id='word_1_233' title='bbox 1129 4148 1219 4213; x_wconf 75' lang='lat' dir='ltr'>Hispa</span> 
     </span>
    </p>
   </div>
   <div class='ocr_carea' id='block_1_7' title="bbox 0 0 1314 4614">
    <p class='ocr_par' dir='ltr' id='par_1_26' title="bbox 0 0 1314 4614">
     <span class='ocr_line' id='line_1_40' title="bbox 0 0 1314 4614; baseline 0 1"><span class='ocrx_word' id='word_1_234' title='bbox 0 0 1314 4614; x_wconf 95' lang='lat' dir='ltr'> </span> 
     </span>
    </p>
   </div>
  </div>
 </body>
</html>
