2618 4614
590 298 628 361 11

71 499 266 583 ›llocandum,
289 502 361 588 περὶ
382 505 479 581 μελῶν
499 520 572 563 cum
595 503 666 587 περὶ
687 504 805 586 φύσεως
821 501 965 582 σώματος
980 498 1182 589 ἀνθρωπίνου

71 626 73 664 ;
101 605 171 690 περὶ
198 603 324 687 τρόπων
352 599 557 687 ἀνθρωπίνων
586 601 841 687 coniungendum
872 602 969 667 firisse
1002 604 1105 690 quivis
1136 605 1182 667 in-

72 703 174 790 lleget.
216 705 269 769 Ex
285 704 507 790 Stephanianis
529 726 610 790 quae
631 704 693 769 huc
713 704 833 770 faciunt
847 705 958 770 afferre
977 705 1182 790 supersedeo:

71 809 117 871 itis
139 809 179 870 sit
199 806 358 872 licentiam
378 807 412 869 in
434 807 479 871 eis
499 806 609 870 lexicis
629 815 772 888 notasse,
801 806 857 872 ubi
882 806 974 871 facile
1002 809 1181 894 assequaris

71 909 204 973 rusilium
224 909 258 972 in
278 907 436 995 capitibus
458 908 661 995 disponendis
683 917 715 973 et
737 909 963 995 componendis
987 913 1181 996 regnasse1).

71 1033 130 1083 ¹urm
151 1033 224 1075 cum
244 1014 289 1077 ita
311 1014 382 1095 sint,
409 1010 490 1077 bene
510 1011 603 1075 nobis
629 1009 786 1075 consuluit
810 1011 947 1093 fortuna,
976 1011 1063 1097 quod
1083 1034 1182 1076 unum

71 1113 151 1178 dtem
179 1123 337 1180 servatum
365 1122 414 1178 est
440 1112 632 1198 exemplum,
662 1115 751 1177 cuius
778 1115 918 1200 capitum
946 1112 1022 1179 ordo
1044 1114 1100 1178 vix
1126 1112 1183 1178 ulli

71 1217 152 1300 sinor
174 1217 215 1279 sit
235 1216 392 1280 obnoxius
413 1215 659 1301 reprehensioni.

121 1318 257 1383 Useneri
278 1341 354 1403 erga
375 1341 425 1384 me
446 1316 666 1383 benevolentia
686 1318 788 1382 codex
808 1318 886 1382 mihi
906 1319 1042 1382 innotui
1057 1317 1182 1404 Neapo-

71 1443 163 1503 anus,
193 1422 247 1507 qui
271 1421 353 1485 inter
381 1419 443 1484 alia
464 1418 527 1483 duo
548 1420 687 1484 continet
706 1418 811 1485 lexica
835 1419 1005 1484 secundum
1027 1443 1078 1485 res
1100 1419 1181 1486 ordi-

71 1532 122 1588 rta.
165 1523 275 1588 Mense
295 1523 411 1587 Martio
438 1523 512 1587 anni
536 1522 617 1586 1874
636 1521 772 1608 Neapoli
799 1521 899 1587 multa
925 1545 966 1587 ex
986 1521 1046 1586 hoc
1072 1545 1181 1588 manu-

71 1628 156 1711 ripto
172 1626 253 1689 scitu
274 1625 460 1710 dignissima
474 1633 688 1711 excerpserat3
712 1621 827 1710 quibus
849 1624 995 1688 omnibus
1018 1625 1095 1689 mihi
1109 1647 1180 1689 con-

71 1731 134 1793 rssit
147 1736 220 1792 ubit
232 1726 355 1793 luberet
370 1729 416 1792 uti
425 1728 461 1814 ²).
485 1725 598 1792 Codex
609 1734 657 1791 est
666 1726 876 1791 bibliothecae
888 1724 962 1790 olim
973 1726 1180 1810 Borbonicae,

71 1853 122 1894 mc
142 1830 318 1913 nationalis,
342 1828 454 1895 Graec.
470 1828 504 1892 Π
518 1830 550 1893 D
566 1830 616 1912 35,
639 1829 830 1910 chartaceus,
854 1849 935 1894 saec.
956 1828 1057 1912 XVI„
1078 1829 1182 1896 forma

71 1933 176 2017 ›longa
197 1934 334 2015 minore3
356 1933 508 1997 continet:

121 2035 143 2099 f.
168 2035 282 2100 1-28:
305 2036 395 2118 „eine
415 2032 565 2098 moderne
585 2031 828 2118 lexicologische
849 2032 915 2097 und
937 2033 1181 2117 grammatische

373 2134 589 2219 Sammlung“.

121 2239 306 2304 f.37-43:
351 2236 564 2322 „griechische
606 2236 672 2300 und
706 2235 888 2302 lateinische
924 2237 1181 2304 Conversations·

371 2339 521 2405 Stuckei.

120 2443 141 2507 f.
164 2444 232 2507 44r:
262 2441 413 2527 „beginnt
442 2442 493 2506 ein
521 2438 657 2504 sachlich
683 2439 871 2523 geordnetes
897 2441 1181 2526 griechisch-latei·

369 2544 493 2608 nisches
506 2541 668 2606 Glossar“.
699 2541 773 2629 „[44
785 2540 892 2608 iudex.
904 2545 1060 2610 cle--btlv
1075 2547 1181 2631 capita

370 2643 520 2761 I-llll‘t

100 2801 211 2866 ⁴1)Hic
234 2800 326 2851 afferre
344 2800 444 2866 placet,
471 2814 537 2865 quae
555 2798 735 2849 Krumbaeher
760 2800 789 2849 in
813 2801 964 2851 universum
990 2800 1022 2851 de
1044 2800 1085 2851 his
1103 2803 1181 2854 rebus

71 2894 195 2959 sputavit:
228 2910 253 2958 p.
274 2893 289 2942 9
317 2893 374 2956 „Ex
400 2890 574 2956 capitulorum
597 2891 680 2940 titulis
703 2892 742 2939 ita
766 2893 925 2957 comparatis
950 2907 1077 2957 apparere
1102 2894 1180 2946 eredo

70 2989 333 3051 terpretamentorum
359 2983 498 3047 scriptores
521 2983 679 3047 posteriores
703 2982 766 3033 licet
790 2985 869 3034 unius
888 2983 999 3049 exempli
1025 2986 1181 3050 antiquioris

71 3094 116 3128 ,em
137 3078 219 3127 secuti
238 3077 299 3140 sint,
318 3082 409 3126 tamen
426 3077 455 3125 in
474 3075 603 3139 capitibus
623 3074 751 3139 eligendis
767 3081 793 3126 et
808 3074 979 3141 disponendis
998 3092 1045 3127 suo
1064 3078 1181 3143 ipsorum

71 3171 135 3220 licio
155 3185 217 3218 usos
236 3166 321 3220 esse‘.
358 3167 473 3217 Maxime
491 3181 554 3216 vero
574 3166 635 3217 adu.
658 3165 704 3230 19,
724 3183 750 3232 p.
770 3167 819 3216 63:
847 3167 987 3233 „Ordinem
1007 3169 1180 3233 capitulorum

71 3267 176 3325 utopere
191 3260 338 3310 variantem
355 3260 467 3311 fortasse
485 3260 523 3308 ita
541 3258 666 3323 explices,
684 3263 713 3308 ut
731 3263 832 3309 statuas
851 3258 954 3324 singula
973 3261 1062 3324 capita
1079 3275 1096 3309 a
1113 3260 1181 3310 ludi·

71 3353 171 3418 agistris
190 3351 233 3401 rel
251 3351 386 3416 discipulis
405 3351 440 3401 ad
458 3366 534 3401 usum
553 3349 659 3401 scholae
678 3351 849 3401 cottidianum
871 3352 900 3399 iu
924 3351 1035 3416 singulis
1053 3351 1123 3402 foliis
1140 3354 1181 3402 in·

71 3446 137 3509 ripta
155 3442 270 3508 foliaque
290 3442 399 3507 deinde,
419 3443 489 3509 quod
508 3443 615 3492 minime
633 3443 739 3506 mirum,
765 3443 869 3493 turbata
888 3441 972 3493 esse“.
1010 3443 1112 3494 Tamen
1130 3443 1180 3494 hoc

71 3537 118 3586 odo
138 3528 267 3604 ἀπόρημα
285 3539 405 3588 nostrum
423 3536 467 3600 qui
486 3534 572 3598 solvit,
592 3535 616 3584 ei
634 3535 727 3584 mirum
745 3532 828 3583 videri
847 3532 933 3597 debet,
953 3535 1023 3601 quod
1039 3551 1093 3586 non
1105 3535 1182 3600 plura

72 3628 192 3677 rturbata
218 3633 279 3677 suut
301 3631 424 3692 totusque
448 3632 525 3676 tenor
549 3640 678 3690 nusquam
698 3629 738 3675 est
756 3623 866 3674 deletus.
910 3625 1039 3692 Equidem
1066 3627 1181 3691 cogitavi

90 3718 221 3782 capitibus
241 3719 352 3780 omissis,
371 3716 476 3780 additis,
496 3732 528 3766 ex
540 3716 599 3766 aliis
613 3715 805 3780 exemplaribus
821 3717 935 3780 insertis,
954 3718 1064 3783 primum
1078 3717 1182 3768 omissis

71 3809 134 3858 inde
154 3807 266 3871 additis,
293 3808 403 3858 consilio
428 3812 498 3858 certo
523 3808 582 3857 aliis
601 3805 771 3872 agglutinatis
794 3807 973 3874 similibusque
992 3808 1181 3859 mutationibus

71 3901 164 3950 siectis.

112 3992 140 4051 2)
161 3990 212 4051 Qui
231 3988 300 4041 hunc
319 3990 438 4041 codicem
457 3991 595 4057 descripsit
614 3989 725 4056 cyrillus
743 3990 772 4040 in
796 3989 928 4055 „catalogi
946 3990 1070 4041 librorum
1088 3991 1181 4043 biblio·

71 4097 130 4133 eeae
150 4080 332 4133 Borbonicae“
352 4083 404 4133 vol.
423 4083 459 4147 H,
477 4099 503 4148 p.
525 4081 558 4132 ⁷6
571 4097 628 4148 sqq.
649 4080 717 4149 [cod.
737 4085 777 4131 est
795 4078 929 4145 CXXXI]‚
951 4098 1058 4133 munere
1077 4099 1124 4133 suo
1144 4085 1182 4133 ita

71 4180 144 4224 nctus
170 4178 222 4237 est,
245 4178 274 4223 ut
298 4188 352 4224 non
376 4175 465 4239 mirer,
491 4175 535 4240 qui
558 4173 623 4224 haec
649 4174 884 4239 interpretamenta
907 4173 1021 4224 virorum
1045 4173 1181 4225 doctorum

71 4269 122 4316 iem
142 4271 198 4315 tam
218 4264 263 4315 diu
281 4265 404 4330 fugerint.
