<?xml version="1.0" encoding="UTF-8"?>
<!DOCTYPE html PUBLIC "-//W3C//DTD XHTML 1.0 Transitional//EN"
    "http://www.w3.org/TR/xhtml1/DTD/xhtml1-transitional.dtd">
<html xmlns="http://www.w3.org/1999/xhtml" xml:lang="en" lang="en">
 <head>
  <title>
</title>
<meta http-equiv="Content-Type" content="text/html;charset=utf-8" />
  <meta name='ocr-system' content='tesseract 3.04.00' />
  <meta name='ocr-capabilities' content='ocr_page ocr_carea ocr_par ocr_line ocrx_word'/>
</head>
<body>
  <div class='ocr_page' id='page_1' title='image "./delexicographis01schogoog_0101.png"; bbox 0 0 2618 4614; ppageno 0'>
   <div class='ocr_carea' id='block_1_1' title="bbox 642 193 791 307">
    <p class='ocr_par' dir='ltr' id='par_1_1' title="bbox 642 193 791 307">
     <span class='ocr_line' id='line_1_1' title="bbox 642 193 791 307; baseline 0 -36"><span class='ocrx_word' id='word_1_1' title='bbox 642 193 791 307; x_wconf 47' lang='lat'>4⁹92</span> 
     </span>
    </p>
   </div>
   <div class='ocr_carea' id='block_1_2' title="bbox 140 407 1298 2350">
    <p class='ocr_par' dir='ltr' id='par_1_2' title="bbox 141 407 1297 803">
     <span class='ocr_line' id='line_1_2' title="bbox 143 407 1296 495; baseline 0 -22"><span class='ocrx_word' id='word_1_2' title='bbox 143 409 331 494; x_wconf 84' lang='lat' dir='ltr'>composuit.</span> <span class='ocrx_word' id='word_1_3' title='bbox 374 407 522 474; x_wconf 85' lang='lat' dir='ltr'><strong>Alexidis</strong></span> <span class='ocrx_word' id='word_1_4' title='bbox 551 410 664 473; x_wconf 90' lang='lat' dir='ltr'>comici</span> <span class='ocrx_word' id='word_1_5' title='bbox 685 418 787 475; x_wconf 89' lang='lat' dir='ltr'>aetate</span> <span class='ocrx_word' id='word_1_6' title='bbox 808 409 1004 475; x_wconf 78' lang='lat' dir='ltr'>Mnesitheus</span> <span class='ocrx_word' id='word_1_7' title='bbox 1016 410 1041 495; x_wconf 75' lang='grc' dir='ltr'>ι)</span> <span class='ocrx_word' id='word_1_8' title='bbox 1070 407 1180 473; x_wconf 88' lang='lat' dir='ltr'>floruit</span> <span class='ocrx_word' id='word_1_9' title='bbox 1199 407 1296 473; x_wconf 89' lang='lat' dir='ltr'>Athe-</span> 
     </span>
     <span class='ocr_line' id='line_1_3' title="bbox 141 509 1297 599; baseline -0.001 -23"><span class='ocrx_word' id='word_1_10' title='bbox 141 512 269 596; x_wconf 88' lang='lat' dir='ltr'>niensis,</span> <span class='ocrx_word' id='word_1_11' title='bbox 285 512 374 574; x_wconf 90' lang='lat' dir='ltr'>cuius</span> <span class='ocrx_word' id='word_1_12' title='bbox 390 515 461 599; x_wconf 82' lang='grc' dir='ltr'><strong>περὶ</strong></span> <span class='ocrx_word' id='word_1_13' title='bbox 476 514 609 577; x_wconf 80' lang='grc' dir='ltr'><strong>ἐδεστῶν</strong></span> <span class='ocrx_word' id='word_1_14' title='bbox 619 513 644 599; x_wconf 67' lang='grc'>1)</span> <span class='ocrx_word' id='word_1_15' title='bbox 659 511 731 577; x_wconf 87' lang='lat' dir='ltr'>libri</span> <span class='ocrx_word' id='word_1_16' title='bbox 746 511 912 599; x_wconf 85' lang='lat' dir='ltr'>permultis</span> <span class='ocrx_word' id='word_1_17' title='bbox 926 513 1003 577; x_wconf 89' lang='lat' dir='ltr'>locis</span> <span class='ocrx_word' id='word_1_18' title='bbox 1015 511 1103 576; x_wconf 88' lang='lat' dir='ltr'>velut</span> <span class='ocrx_word' id='word_1_19' title='bbox 1113 510 1197 575; x_wconf 89' lang='lat' dir='ltr'>VIII</span> <span class='ocrx_word' id='word_1_20' title='bbox 1208 509 1297 575; x_wconf 72' lang='lat' dir='ltr'>sota</span> 
     </span>
     <span class='ocr_line' id='line_1_4' title="bbox 141 613 1296 706; baseline -0.003 -26"><span class='ocrx_word' id='word_1_21' title='bbox 141 624 174 680; x_wconf 87' lang='lat' dir='ltr'>et</span> <span class='ocrx_word' id='word_1_22' title='bbox 199 613 336 701; x_wconf 81' lang='lat' dir='ltr'>epistula</span> <span class='ocrx_word' id='word_1_23' title='bbox 357 618 428 704; x_wconf 84' lang='grc' dir='ltr'><strong>περὶ</strong></span> <span class='ocrx_word' id='word_1_24' title='bbox 449 619 652 694; x_wconf 79' lang='grc' dir='ltr'>κωθωνισμοῦ</span> <span class='ocrx_word' id='word_1_25' title='bbox 677 615 854 706; x_wconf 76' lang='lat' dir='ltr'>[X1483f]</span> <span class='ocrx_word' id='word_1_26' title='bbox 877 615 965 703; x_wconf 90' lang='lat' dir='ltr'>apud</span> <span class='ocrx_word' id='word_1_27' title='bbox 986 615 1193 680; x_wconf 83' lang='lat' dir='ltr'><strong>Athenaeum</strong></span> <span class='ocrx_word' id='word_1_28' title='bbox 1214 635 1296 678; x_wconf 87' lang='lat' dir='ltr'>com-</span> 
     </span>
     <span class='ocr_line' id='line_1_5' title="bbox 142 718 404 803; baseline 0.004 -22"><span class='ocrx_word' id='word_1_29' title='bbox 142 727 358 784; x_wconf 85' lang='lat' dir='ltr'>memorantur</span> <span class='ocrx_word' id='word_1_30' title='bbox 367 718 404 803; x_wconf 83' lang='lat'>³).</span> 
     </span>
    </p>

    <p class='ocr_par' dir='ltr' id='par_1_3' title="bbox 140 819 1298 1423">
     <span class='ocr_line' id='line_1_6' title="bbox 225 819 1296 909; baseline 0 -24"><span class='ocrx_word' id='word_1_31' title='bbox 225 821 340 886; x_wconf 84' lang='lat' dir='ltr'>Paucis</span> <span class='ocrx_word' id='word_1_32' title='bbox 359 820 450 886; x_wconf 89' lang='lat' dir='ltr'>annis</span> <span class='ocrx_word' id='word_1_33' title='bbox 465 828 537 885; x_wconf 84' lang='lat' dir='ltr'>ante</span> <span class='ocrx_word' id='word_1_34' title='bbox 551 819 696 886; x_wconf 87' lang='lat' dir='ltr'>Philistio</span> <span class='ocrx_word' id='word_1_35' title='bbox 711 821 771 885; x_wconf 86' lang='lat' dir='ltr'>fuit</span> <span class='ocrx_word' id='word_1_36' title='bbox 784 821 906 886; x_wconf 90' lang='lat' dir='ltr'>Locrus</span> <span class='ocrx_word' id='word_1_37' title='bbox 915 823 942 909; x_wconf 73' lang='grc'>4)</span> <span class='ocrx_word' id='word_1_38' title='bbox 964 820 1016 887; x_wconf 87' lang='lat' dir='ltr'>vel</span> <span class='ocrx_word' id='word_1_39' title='bbox 1030 821 1047 886; x_wconf 85' lang='grc' dir='ltr'>ὁ</span> <span class='ocrx_word' id='word_1_40' title='bbox 1065 822 1098 900; x_wconf 79' lang='grc' dir='ltr'>ἐξ</span> <span class='ocrx_word' id='word_1_41' title='bbox 1109 820 1250 898; x_wconf 81' lang='grc' dir='ltr'>Ἰταλίας</span> <span class='ocrx_word' id='word_1_42' title='bbox 1260 822 1296 908; x_wconf 85' lang='lat'>⁵),</span> 
     </span>
     <span class='ocr_line' id='line_1_7' title="bbox 141 921 1297 1014; baseline -0.001 -25"><span class='ocrx_word' id='word_1_43' title='bbox 141 923 270 989; x_wconf 84' lang='lat' dir='ltr'>Eudoxi</span> <span class='ocrx_word' id='word_1_44' title='bbox 291 921 398 987; x_wconf 84' lang='lat' dir='ltr'>Ouidii</span> <span class='ocrx_word' id='word_1_45' title='bbox 423 925 584 1010; x_wconf 87' lang='lat' dir='ltr'>magister,</span> <span class='ocrx_word' id='word_1_46' title='bbox 617 925 668 988; x_wconf 93' lang='lat' dir='ltr'>cui</span> <span class='ocrx_word' id='word_1_47' title='bbox 695 925 782 1010; x_wconf 91' lang='lat' dir='ltr'>apud</span> <span class='ocrx_word' id='word_1_48' title='bbox 809 924 1010 990; x_wconf 85' lang='lat' dir='ltr'>Athenaeum</span> <span class='ocrx_word' id='word_1_49' title='bbox 1033 924 1094 1014; x_wconf 87' lang='lat' dir='ltr'>[III</span> <span class='ocrx_word' id='word_1_50' title='bbox 1118 927 1179 988; x_wconf 88' lang='grc'>116</span> <span class='ocrx_word' id='word_1_51' title='bbox 1196 924 1229 1012; x_wconf 84' lang='lat' dir='ltr'>d]</span> <span class='ocrx_word' id='word_1_52' title='bbox 1259 922 1297 988; x_wconf 91' lang='lat' dir='ltr'>de</span> 
     </span>
     <span class='ocr_line' id='line_1_8' title="bbox 140 1025 1296 1116; baseline -0.001 -25"><span class='ocrx_word' id='word_1_53' title='bbox 140 1026 277 1113; x_wconf 88' lang='lat' dir='ltr'>panibus</span> <span class='ocrx_word' id='word_1_54' title='bbox 293 1027 464 1091; x_wconf 87' lang='lat' dir='ltr'>auctoritas</span> <span class='ocrx_word' id='word_1_55' title='bbox 479 1036 510 1091; x_wconf 91' lang='lat' dir='ltr'>et</span> <span class='ocrx_word' id='word_1_56' title='bbox 526 1027 604 1116; x_wconf 82' lang='lat' dir='ltr'>[XII</span> <span class='ocrx_word' id='word_1_57' title='bbox 614 1029 676 1092; x_wconf 84' lang='lat'>516</span> <span class='ocrx_word' id='word_1_58' title='bbox 688 1027 716 1115; x_wconf 86' lang='lat' dir='ltr'>c]</span> <span class='ocrx_word' id='word_1_59' title='bbox 734 1025 948 1116; x_wconf 74' lang='grc' dir='ltr'>ὀψαρτυτικὸν</span> <span class='ocrx_word' id='word_1_60' title='bbox 962 1026 1128 1112; x_wconf 69' lang='lat' dir='ltr'>tribuitur,</span> <span class='ocrx_word' id='word_1_61' title='bbox 1144 1049 1296 1113; x_wconf 83' lang='lat' dir='ltr'>magnam</span> 
     </span>
     <span class='ocr_line' id='line_1_9' title="bbox 142 1129 1298 1217; baseline -0.001 -22"><span class='ocrx_word' id='word_1_62' title='bbox 142 1132 209 1195; x_wconf 89' lang='lat' dir='ltr'>eius</span> <span class='ocrx_word' id='word_1_63' title='bbox 236 1130 334 1194; x_wconf 90' lang='lat' dir='ltr'>fuisse</span> <span class='ocrx_word' id='word_1_64' title='bbox 362 1131 396 1193; x_wconf 91' lang='lat' dir='ltr'>in</span> <span class='ocrx_word' id='word_1_65' title='bbox 426 1129 600 1195; x_wconf 89' lang='lat' dir='ltr'>diaeteticis</span> <span class='ocrx_word' id='word_1_66' title='bbox 622 1129 740 1195; x_wconf 85' lang='lat' dir='ltr'>famam</span> <span class='ocrx_word' id='word_1_67' title='bbox 762 1152 800 1195; x_wconf 90' lang='lat' dir='ltr'>eo</span> <span class='ocrx_word' id='word_1_68' title='bbox 823 1153 948 1217; x_wconf 89' lang='lat' dir='ltr'>quoque</span> <span class='ocrx_word' id='word_1_69' title='bbox 970 1129 1081 1214; x_wconf 90' lang='lat' dir='ltr'>elucet,</span> <span class='ocrx_word' id='word_1_70' title='bbox 1111 1130 1200 1216; x_wconf 87' lang='lat' dir='ltr'>quod</span> <span class='ocrx_word' id='word_1_71' title='bbox 1221 1152 1298 1194; x_wconf 90' lang='lat' dir='ltr'>non-</span> 
     </span>
     <span class='ocr_line' id='line_1_10' title="bbox 141 1231 1297 1321; baseline 0 -24"><span class='ocrx_word' id='word_1_72' title='bbox 141 1233 219 1297; x_wconf 89' lang='lat' dir='ltr'>nulli</span> <span class='ocrx_word' id='word_1_73' title='bbox 240 1256 312 1298; x_wconf 92' lang='lat' dir='ltr'>eum</span> <span class='ocrx_word' id='word_1_74' title='bbox 334 1241 496 1297; x_wconf 82' lang='lat' dir='ltr'>auctorem</span> <span class='ocrx_word' id='word_1_75' title='bbox 518 1242 671 1319; x_wconf 87' lang='lat' dir='ltr'>putarunt</span> <span class='ocrx_word' id='word_1_76' title='bbox 688 1231 762 1297; x_wconf 90' lang='lat' dir='ltr'>libri</span> <span class='ocrx_word' id='word_1_77' title='bbox 776 1235 848 1321; x_wconf 82' lang='grc' dir='ltr'><strong>περὶ</strong></span> <span class='ocrx_word' id='word_1_78' title='bbox 862 1235 993 1317; x_wconf 83' lang='grc' dir='ltr'>διαίτης,</span> <span class='ocrx_word' id='word_1_79' title='bbox 1017 1234 1071 1320; x_wconf 94' lang='lat' dir='ltr'>qui</span> <span class='ocrx_word' id='word_1_80' title='bbox 1086 1232 1297 1320; x_wconf 84' lang='lat' dir='ltr'>Hippocratis</span> 
     </span>
     <span class='ocr_line' id='line_1_11' title="bbox 142 1335 432 1423; baseline -0.007 -22"><span class='ocrx_word' id='word_1_81' title='bbox 142 1336 270 1401; x_wconf 86' lang='lat' dir='ltr'>nomine</span> <span class='ocrx_word' id='word_1_82' title='bbox 290 1335 432 1423; x_wconf 66' lang='lat' dir='ltr'>ferturl).</span> 
     </span>
    </p>

    <p class='ocr_par' dir='ltr' id='par_1_4' title="bbox 141 1437 1298 2029">
     <span class='ocr_line' id='line_1_12' title="bbox 227 1437 1298 1527; baseline -0.001 -24"><span class='ocrx_word' id='word_1_83' title='bbox 227 1438 279 1503; x_wconf 92' lang='lat' dir='ltr'>De</span> <span class='ocrx_word' id='word_1_84' title='bbox 302 1460 364 1503; x_wconf 92' lang='lat' dir='ltr'>uno</span> <span class='ocrx_word' id='word_1_85' title='bbox 386 1439 518 1525; x_wconf 89' lang='lat' dir='ltr'>Diphilo</span> <span class='ocrx_word' id='word_1_86' title='bbox 537 1437 670 1525; x_wconf 86' lang='lat' dir='ltr'>Siphnio</span> <span class='ocrx_word' id='word_1_87' title='bbox 692 1438 779 1526; x_wconf 91' lang='lat' dir='ltr'>apud</span> <span class='ocrx_word' id='word_1_88' title='bbox 794 1438 995 1504; x_wconf 86' lang='lat' dir='ltr'>Athenaeum</span> <span class='ocrx_word' id='word_1_89' title='bbox 1015 1440 1122 1527; x_wconf 90' lang='lat' dir='ltr'>ipsum</span> <span class='ocrx_word' id='word_1_90' title='bbox 1146 1437 1193 1527; x_wconf 83' lang='lat' dir='ltr'>[II</span> <span class='ocrx_word' id='word_1_91' title='bbox 1207 1437 1298 1526; x_wconf 68' lang='grc'>516),</span> 
     </span>
     <span class='ocr_line' id='line_1_13' title="bbox 142 1540 1298 1627; baseline 0 -23"><span class='ocrx_word' id='word_1_92' title='bbox 142 1540 198 1606; x_wconf 92' lang='lat' dir='ltr'>ubi</span> <span class='ocrx_word' id='word_1_93' title='bbox 220 1542 260 1606; x_wconf 91' lang='lat' dir='ltr'>de</span> <span class='ocrx_word' id='word_1_94' title='bbox 282 1543 399 1606; x_wconf 88' lang='lat' dir='ltr'>cerasis</span> <span class='ocrx_word' id='word_1_95' title='bbox 422 1564 535 1625; x_wconf 88' lang='lat' dir='ltr'>serm0,</span> <span class='ocrx_word' id='word_1_96' title='bbox 557 1540 714 1626; x_wconf 83' lang='lat' dir='ltr'>audimus,</span> <span class='ocrx_word' id='word_1_97' title='bbox 738 1541 864 1627; x_wconf 90' lang='lat' dir='ltr'>quando</span> <span class='ocrx_word' id='word_1_98' title='bbox 887 1543 1015 1607; x_wconf 85' lang='lat' dir='ltr'>vixerit:</span> <span class='ocrx_word' id='word_1_99' title='bbox 1036 1541 1098 1606; x_wconf 83' lang='lat' dir='ltr'>fuit</span> <span class='ocrx_word' id='word_1_100' title='bbox 1110 1541 1298 1627; x_wconf 87' lang='lat' dir='ltr'>Lysimachi</span> 
     </span>
     <span class='ocr_line' id='line_1_14' title="bbox 142 1643 1297 1734; baseline -0.002 -24"><span class='ocrx_word' id='word_1_101' title='bbox 142 1644 288 1709; x_wconf 86' lang='lat' dir='ltr'>diadochi</span> <span class='ocrx_word' id='word_1_102' title='bbox 316 1644 522 1731; x_wconf 82' lang='lat' dir='ltr'>temporibus.</span> <span class='ocrx_word' id='word_1_103' title='bbox 567 1643 683 1730; x_wconf 87' lang='lat' dir='ltr'>Operis</span> <span class='ocrx_word' id='word_1_104' title='bbox 710 1643 821 1708; x_wconf 84' lang='lat' dir='ltr'>titulus</span> <span class='ocrx_word' id='word_1_105' title='bbox 846 1644 907 1709; x_wconf 87' lang='lat' dir='ltr'>fuit</span> <span class='ocrx_word' id='word_1_106' title='bbox 934 1647 1005 1732; x_wconf 81' lang='grc' dir='ltr'><strong>περὶ</strong></span> <span class='ocrx_word' id='word_1_107' title='bbox 1031 1650 1093 1709; x_wconf 80' lang='grc' dir='ltr'>τῶν</span> <span class='ocrx_word' id='word_1_108' title='bbox 1114 1663 1297 1734; x_wconf 85' lang='grc' dir='ltr'><strong>προσφερο-</strong></span> 
     </span>
     <span class='ocr_line' id='line_1_15' title="bbox 143 1744 1298 1830; baseline -0.003 -17"><span class='ocrx_word' id='word_1_109' title='bbox 143 1749 240 1830; x_wconf 79' lang='grc' dir='ltr'>μένων</span> <span class='ocrx_word' id='word_1_110' title='bbox 268 1756 337 1824; x_wconf 78' lang='grc' dir='ltr'>τοῖς</span> <span class='ocrx_word' id='word_1_111' title='bbox 366 1751 494 1811; x_wconf 78' lang='grc' dir='ltr'>νοσοῦσι</span> <span class='ocrx_word' id='word_1_112' title='bbox 522 1748 574 1811; x_wconf 82' lang='grc' dir='ltr'>καὶ</span> <span class='ocrx_word' id='word_1_113' title='bbox 601 1744 785 1830; x_wconf 67' lang='grc' dir='ltr'>ὑγιαίνουσι,</span> <span class='ocrx_word' id='word_1_114' title='bbox 817 1748 971 1812; x_wconf 89' lang='lat' dir='ltr'>memoria</span> <span class='ocrx_word' id='word_1_115' title='bbox 1003 1749 1071 1812; x_wconf 92' lang='lat' dir='ltr'>eius</span> <span class='ocrx_word' id='word_1_116' title='bbox 1104 1746 1214 1812; x_wconf 82' lang='lat' dir='ltr'>addito</span> <span class='ocrx_word' id='word_1_117' title='bbox 1246 1747 1298 1812; x_wconf 88' lang='lat' dir='ltr'>vel</span> 
     </span>
     <span class='ocr_line' id='line_1_16' title="bbox 143 1849 1296 1937; baseline -0.003 -21"><span class='ocrx_word' id='word_1_118' title='bbox 143 1852 259 1916; x_wconf 90' lang='lat' dir='ltr'>omisso</span> <span class='ocrx_word' id='word_1_119' title='bbox 288 1849 379 1914; x_wconf 88' lang='lat' dir='ltr'>titulo</span> <span class='ocrx_word' id='word_1_120' title='bbox 409 1850 550 1914; x_wconf 91' lang='lat' dir='ltr'>omnium</span> <span class='ocrx_word' id='word_1_121' title='bbox 579 1849 774 1914; x_wconf 87' lang='lat' dir='ltr'>medicorum</span> <span class='ocrx_word' id='word_1_122' title='bbox 801 1849 889 1936; x_wconf 89' lang='lat' dir='ltr'>apud</span> <span class='ocrx_word' id='word_1_123' title='bbox 916 1850 1118 1916; x_wconf 87' lang='lat' dir='ltr'>Athenaeum</span> <span class='ocrx_word' id='word_1_124' title='bbox 1150 1849 1296 1937; x_wconf 84' lang='lat' dir='ltr'>frequen-</span> 
     </span>
     <span class='ocr_line' id='line_1_17' title="bbox 141 1954 974 2029; baseline 0.001 -12"><span class='ocrx_word' id='word_1_125' title='bbox 141 1954 274 2018; x_wconf 89' lang='lat' dir='ltr'>tissima.</span> <span class='ocrx_word' id='word_1_126' title='bbox 968 2017 974 2029; x_wconf 85' lang='grc'>,</span> 
     </span>
    </p>

    <p class='ocr_par' dir='ltr' id='par_1_5' title="bbox 142 2054 1296 2350">
     <span class='ocr_line' id='line_1_18' title="bbox 228 2054 1296 2122; baseline -0.002 0"><span class='ocrx_word' id='word_1_127' title='bbox 228 2056 292 2122; x_wconf 85' lang='lat' dir='ltr'>Sed</span> <span class='ocrx_word' id='word_1_128' title='bbox 306 2057 370 2120; x_wconf 88' lang='lat' dir='ltr'>iam</span> <span class='ocrx_word' id='word_1_129' title='bbox 385 2055 427 2120; x_wconf 89' lang='lat' dir='ltr'>ad</span> <span class='ocrx_word' id='word_1_130' title='bbox 441 2054 675 2121; x_wconf 85' lang='lat' dir='ltr'>Alexandrinos</span> <span class='ocrx_word' id='word_1_131' title='bbox 690 2055 927 2120; x_wconf 87' lang='lat' dir='ltr'>transeundum.</span> <span class='ocrx_word' id='word_1_132' title='bbox 957 2056 1170 2122; x_wconf 85' lang='lat' dir='ltr'>Erasistratus</span> <span class='ocrx_word' id='word_1_133' title='bbox 1184 2057 1219 2122; x_wconf 95' lang='grc' dir='ltr'>Π</span> <span class='ocrx_word' id='word_1_134' title='bbox 1233 2059 1296 2122; x_wconf 74' lang='grc'>466</span> 
     </span>
     <span class='ocr_line' id='line_1_19' title="bbox 142 2158 1295 2246; baseline 0 -23"><span class='ocrx_word' id='word_1_135' title='bbox 142 2159 182 2223; x_wconf 91' lang='lat' dir='ltr'>de</span> <span class='ocrx_word' id='word_1_136' title='bbox 210 2160 301 2246; x_wconf 89' lang='lat' dir='ltr'>aquis</span> <span class='ocrx_word' id='word_1_137' title='bbox 331 2159 519 2224; x_wconf 86' lang='lat' dir='ltr'>sententiam</span> <span class='ocrx_word' id='word_1_138' title='bbox 548 2159 635 2240; x_wconf 84' lang='lat' dir='ltr'>dicit,</span> <span class='ocrx_word' id='word_1_139' title='bbox 665 2158 851 2224; x_wconf 77' lang='lat' dir='ltr'>V11324a</span> <span class='ocrx_word' id='word_1_140' title='bbox 880 2167 912 2224; x_wconf 87' lang='lat' dir='ltr'>et</span> <span class='ocrx_word' id='word_1_141' title='bbox 940 2159 1007 2223; x_wconf 91' lang='lat' dir='ltr'>XII</span> <span class='ocrx_word' id='word_1_142' title='bbox 1030 2161 1128 2225; x_wconf 79' lang='lat'>5160</span> <span class='ocrx_word' id='word_1_143' title='bbox 1158 2159 1201 2226; x_wconf 89' lang='lat' dir='ltr'>ad</span> <span class='ocrx_word' id='word_1_144' title='bbox 1229 2161 1295 2224; x_wconf 91' lang='lat' dir='ltr'>eius</span> 
     </span>
     <span class='ocr_line' id='line_1_20' title="bbox 142 2259 1295 2350; baseline 0.003 -23"><span class='ocrx_word' id='word_1_145' title='bbox 142 2259 358 2350; x_wconf 83' lang='grc' dir='ltr'>ὀψαρτυτικόν</span> <span class='ocrx_word' id='word_1_146' title='bbox 379 2269 581 2349; x_wconf 85' lang='lat' dir='ltr'>provocatur,</span> <span class='ocrx_word' id='word_1_147' title='bbox 604 2261 669 2325; x_wconf 90' lang='lat' dir='ltr'>XV</span> <span class='ocrx_word' id='word_1_148' title='bbox 684 2263 747 2328; x_wconf 84' lang='grc'>666</span> <span class='ocrx_word' id='word_1_149' title='bbox 761 2263 910 2330; x_wconf 76' lang='lat' dir='ltr'>f-sssa</span> <span class='ocrx_word' id='word_1_150' title='bbox 932 2263 963 2328; x_wconf 80' lang='grc' dir='ltr'>ἓν</span> <span class='ocrx_word' id='word_1_151' title='bbox 983 2267 1021 2347; x_wconf 81' lang='grc' dir='ltr'>τῇ</span> <span class='ocrx_word' id='word_1_152' title='bbox 1043 2265 1114 2350; x_wconf 81' lang='grc' dir='ltr'><strong>περὶ</strong></span> <span class='ocrx_word' id='word_1_153' title='bbox 1134 2267 1199 2329; x_wconf 85' lang='grc' dir='ltr'>τῶν</span> <span class='ocrx_word' id='word_1_154' title='bbox 1219 2269 1295 2330; x_wconf 77' lang='grc' dir='ltr'><strong>καθ-</strong></span> 
     </span>
    </p>
   </div>
   <div class='ocr_carea' id='block_1_3' title="bbox 217 2556 1294 2627">
    <p class='ocr_par' dir='ltr' id='par_1_6' title="bbox 217 2556 1294 2627">
     <span class='ocr_line' id='line_1_21' title="bbox 217 2556 1294 2627; baseline 0.005 -21"><span class='ocrx_word' id='word_1_155' title='bbox 217 2556 245 2623; x_wconf 84' lang='grc'>1)</span> <span class='ocrx_word' id='word_1_156' title='bbox 272 2557 305 2608; x_wconf 86' lang='lat' dir='ltr'>cf.</span> <span class='ocrx_word' id='word_1_157' title='bbox 331 2556 461 2623; x_wconf 85' lang='lat' dir='ltr'>Sprengel</span> <span class='ocrx_word' id='word_1_158' title='bbox 489 2556 542 2606; x_wconf 81' lang='grc'>478</span> <span class='ocrx_word' id='word_1_159' title='bbox 562 2574 600 2624; x_wconf 88' lang='lat' dir='ltr'>sq.</span> <span class='ocrx_word' id='word_1_160' title='bbox 638 2560 742 2610; x_wconf 87' lang='lat' dir='ltr'>Haeser</span> <span class='ocrx_word' id='word_1_161' title='bbox 771 2560 833 2610; x_wconf 81' lang='lat'>228.</span> <span class='ocrx_word' id='word_1_162' title='bbox 861 2588 898 2596; x_wconf 88' lang='lat'>-—</span> <span class='ocrx_word' id='word_1_163' title='bbox 926 2560 1020 2612; x_wconf 83' lang='lat' dir='ltr'>Galen.</span> <span class='ocrx_word' id='word_1_164' title='bbox 1049 2561 1120 2625; x_wconf 90' lang='lat' dir='ltr'>XIV,</span> <span class='ocrx_word' id='word_1_165' title='bbox 1151 2560 1205 2611; x_wconf 87' lang='grc'>683</span> <span class='ocrx_word' id='word_1_166' title='bbox 1235 2569 1294 2627; x_wconf 84' lang='lat' dir='ltr'>post</span> 
     </span>
    </p>
   </div>
   <div class='ocr_carea' id='block_1_4' title="bbox 102 2650 511 2703">
    <p class='ocr_par' dir='ltr' id='par_1_7' title="bbox 102 2650 511 2703">
     <span class='ocr_line' id='line_1_22' title="bbox 102 2650 511 2703; baseline -0.01 0"><span class='ocrx_word' id='word_1_167' title='bbox 102 2657 103 2660; x_wconf 77' lang='grc'>’</span> <span class='ocrx_word' id='word_1_168' title='bbox 141 2653 332 2703; x_wconf 87' lang='lat' dir='ltr'>Erasistratum</span> <span class='ocrx_word' id='word_1_169' title='bbox 351 2650 511 2701; x_wconf 84' lang='lat' dir='ltr'>nominatur.</span> 
     </span>
    </p>
   </div>
   <div class='ocr_carea' id='block_1_5' title="bbox 58 4248 118 4320">
    <p class='ocr_par' dir='ltr' id='par_1_8' title="bbox 58 4248 118 4320">
     <span class='ocr_line' id='line_1_23' title="bbox 58 4248 118 4320; baseline -0.017 0"><span class='ocrx_word' id='word_1_170' title='bbox 58 4248 118 4320; x_wconf 66' lang='lat' dir='ltr'>k.</span> 
     </span>
    </p>
   </div>
   <div class='ocr_carea' id='block_1_6' title="bbox 142 2736 1296 4196">
    <p class='ocr_par' dir='ltr' id='par_1_9' title="bbox 217 2736 1013 2813">
     <span class='ocr_line' id='line_1_24' title="bbox 217 2736 1013 2813; baseline 0.003 -21"><span class='ocrx_word' id='word_1_171' title='bbox 217 2742 245 2811; x_wconf 82' lang='lat'>2)</span> <span class='ocrx_word' id='word_1_172' title='bbox 266 2743 299 2794; x_wconf 83' lang='lat' dir='ltr'>ef.</span> <span class='ocrx_word' id='word_1_173' title='bbox 319 2741 413 2793; x_wconf 84' lang='lat' dir='ltr'>Galen.</span> <span class='ocrx_word' id='word_1_174' title='bbox 432 2743 478 2806; x_wconf 90' lang='lat' dir='ltr'>VI,</span> <span class='ocrx_word' id='word_1_175' title='bbox 499 2741 560 2807; x_wconf 88' lang='grc'>646,</span> <span class='ocrx_word' id='word_1_176' title='bbox 580 2743 626 2793; x_wconf 90' lang='lat' dir='ltr'>ubi</span> <span class='ocrx_word' id='word_1_177' title='bbox 645 2741 706 2813; x_wconf 82' lang='grc' dir='ltr'><strong>περὶ</strong></span> <span class='ocrx_word' id='word_1_178' title='bbox 724 2736 876 2811; x_wconf 75' lang='grc' dir='ltr'>ἐδεσμάτων</span> <span class='ocrx_word' id='word_1_179' title='bbox 895 2744 1013 2795; x_wconf 87' lang='lat' dir='ltr'>audiunt.</span> 
     </span>
    </p>

    <p class='ocr_par' dir='ltr' id='par_1_10' title="bbox 142 2834 1296 3735">
     <span class='ocr_line' id='line_1_25' title="bbox 216 2834 1293 2903; baseline 0.003 -18"><span class='ocrx_word' id='word_1_180' title='bbox 216 2834 245 2903; x_wconf 89' lang='lat'>3)</span> <span class='ocrx_word' id='word_1_181' title='bbox 264 2837 334 2887; x_wconf 89' lang='lat' dir='ltr'>Num</span> <span class='ocrx_word' id='word_1_182' title='bbox 348 2835 370 2898; x_wconf 93' lang='lat' dir='ltr'>I,</span> <span class='ocrx_word' id='word_1_183' title='bbox 384 2835 418 2884; x_wconf 79' lang='lat'>22</span> <span class='ocrx_word' id='word_1_184' title='bbox 434 2851 447 2884; x_wconf 94' lang='lat' dir='ltr'>e</span> <span class='ocrx_word' id='word_1_185' title='bbox 467 2851 500 2885; x_wconf 85' lang='lat' dir='ltr'>ex</span> <span class='ocrx_word' id='word_1_186' title='bbox 514 2835 721 2887; x_wconf 71' lang='lat' dir='ltr'>chamaeleonte</span> <span class='ocrx_word' id='word_1_187' title='bbox 741 2837 797 2886; x_wconf 90' lang='lat' dir='ltr'>eius</span> <span class='ocrx_word' id='word_1_188' title='bbox 816 2837 967 2902; x_wconf 88' lang='lat' dir='ltr'>appositum</span> <span class='ocrx_word' id='word_1_189' title='bbox 987 2841 1027 2888; x_wconf 86' lang='lat' dir='ltr'>est</span> <span class='ocrx_word' id='word_1_190' title='bbox 1044 2838 1247 2888; x_wconf 82' lang='lat' dir='ltr'>testimonium?</span> <span class='ocrx_word' id='word_1_191' title='bbox 1258 2865 1293 2874; x_wconf 93' lang='lat'>-</span> 
     </span>
     <span class='ocr_line' id='line_1_26' title="bbox 142 2927 1292 2993; baseline -0.001 -12"><span class='ocrx_word' id='word_1_192' title='bbox 142 2929 185 2981; x_wconf 91' lang='lat' dir='ltr'>Ad</span> <span class='ocrx_word' id='word_1_193' title='bbox 199 2929 222 2993; x_wconf 91' lang='lat'>1,</span> <span class='ocrx_word' id='word_1_194' title='bbox 238 2928 272 2976; x_wconf 75' lang='lat'>32</span> <span class='ocrx_word' id='word_1_195' title='bbox 288 2928 313 2992; x_wconf 88' lang='lat' dir='ltr'>d,</span> <span class='ocrx_word' id='word_1_196' title='bbox 327 2927 373 2977; x_wconf 90' lang='lat' dir='ltr'>ubi</span> <span class='ocrx_word' id='word_1_197' title='bbox 387 2927 420 2977; x_wconf 92' lang='lat' dir='ltr'>de</span> <span class='ocrx_word' id='word_1_198' title='bbox 433 2928 502 2978; x_wconf 84' lang='lat' dir='ltr'>vinis</span> <span class='ocrx_word' id='word_1_199' title='bbox 516 2943 611 2991; x_wconf 90' lang='lat' dir='ltr'>sermo,</span> <span class='ocrx_word' id='word_1_200' title='bbox 625 2928 658 2980; x_wconf 84' lang='lat' dir='ltr'>cf.</span> <span class='ocrx_word' id='word_1_201' title='bbox 671 2929 770 2980; x_wconf 85' lang='lat' dir='ltr'>Varro:</span> <span class='ocrx_word' id='word_1_202' title='bbox 790 2933 871 2979; x_wconf 90' lang='lat' dir='ltr'>satur.</span> <span class='ocrx_word' id='word_1_203' title='bbox 884 2929 956 2981; x_wconf 87' lang='lat' dir='ltr'>Men.</span> <span class='ocrx_word' id='word_1_204' title='bbox 970 2928 1001 2980; x_wconf 85' lang='lat' dir='ltr'>fr.</span> <span class='ocrx_word' id='word_1_205' title='bbox 1016 2928 1068 2978; x_wconf 83' lang='grc'>676</span> <span class='ocrx_word' id='word_1_206' title='bbox 1083 2929 1124 2982; x_wconf 92' lang='lat' dir='ltr'>ed.</span> <span class='ocrx_word' id='word_1_207' title='bbox 1139 2929 1292 2981; x_wconf 89' lang='lat' dir='ltr'>Buecheler.</span> 
     </span>
     <span class='ocr_line' id='line_1_27' title="bbox 142 3020 1292 3088; baseline -0.002 -15"><span class='ocrx_word' id='word_1_208' title='bbox 142 3023 211 3074; x_wconf 83' lang='lat' dir='ltr'>Geli.</span> <span class='ocrx_word' id='word_1_209' title='bbox 229 3021 305 3086; x_wconf 84' lang='lat' dir='ltr'>XIII,</span> <span class='ocrx_word' id='word_1_210' title='bbox 326 3021 369 3084; x_wconf 80' lang='lat'>31,</span> <span class='ocrx_word' id='word_1_211' title='bbox 393 3020 433 3072; x_wconf 90' lang='grc'>14.</span> <span class='ocrx_word' id='word_1_212' title='bbox 472 3020 503 3071; x_wconf 88' lang='lat' dir='ltr'>G.</span> <span class='ocrx_word' id='word_1_213' title='bbox 523 3021 636 3071; x_wconf 89' lang='lat' dir='ltr'>Knaaek</span> <span class='ocrx_word' id='word_1_214' title='bbox 660 3022 689 3070; x_wconf 92' lang='lat' dir='ltr'>in</span> <span class='ocrx_word' id='word_1_215' title='bbox 707 3022 824 3072; x_wconf 89' lang='lat' dir='ltr'>Hermae</span> <span class='ocrx_word' id='word_1_216' title='bbox 842 3022 894 3072; x_wconf 88' lang='lat' dir='ltr'>vol.</span> <span class='ocrx_word' id='word_1_217' title='bbox 914 3022 1006 3073; x_wconf 87' lang='lat' dir='ltr'>XVIII</span> <span class='ocrx_word' id='word_1_218' title='bbox 1029 3038 1055 3087; x_wconf 90' lang='lat' dir='ltr'>p.</span> <span class='ocrx_word' id='word_1_219' title='bbox 1078 3021 1129 3070; x_wconf 88' lang='grc'>148</span> <span class='ocrx_word' id='word_1_220' title='bbox 1157 3021 1292 3088; x_wconf 87' lang='lat' dir='ltr'>[,Menipp</span> 
     </span>
     <span class='ocr_line' id='line_1_28' title="bbox 142 3111 1293 3180; baseline -0.003 -13"><span class='ocrx_word' id='word_1_221' title='bbox 142 3131 168 3166; x_wconf 90' lang='lat' dir='ltr'>u.</span> <span class='ocrx_word' id='word_1_222' title='bbox 182 3111 293 3180; x_wconf 83' lang='lat' dir='ltr'>Varro“]</span> <span class='ocrx_word' id='word_1_223' title='bbox 308 3129 350 3163; x_wconf 90' lang='lat' dir='ltr'>me</span> <span class='ocrx_word' id='word_1_224' title='bbox 362 3114 450 3164; x_wconf 90' lang='lat' dir='ltr'>iudice</span> <span class='ocrx_word' id='word_1_225' title='bbox 463 3113 561 3162; x_wconf 86' lang='lat' dir='ltr'>iniuria</span> <span class='ocrx_word' id='word_1_226' title='bbox 574 3129 606 3163; x_wconf 88' lang='lat' dir='ltr'>ex</span> <span class='ocrx_word' id='word_1_227' title='bbox 618 3115 744 3180; x_wconf 88' lang='lat' dir='ltr'>Menippo</span> <span class='ocrx_word' id='word_1_228' title='bbox 758 3113 901 3165; x_wconf 85' lang='lat' dir='ltr'>Mnesithei</span> <span class='ocrx_word' id='word_1_229' title='bbox 918 3115 1097 3165; x_wconf 88' lang='lat' dir='ltr'>testimonium</span> <span class='ocrx_word' id='word_1_230' title='bbox 1113 3115 1185 3180; x_wconf 88' lang='lat' dir='ltr'>apud</span> <span class='ocrx_word' id='word_1_231' title='bbox 1198 3115 1293 3166; x_wconf 86' lang='lat' dir='ltr'>Athen.</span> 
     </span>
     <span class='ocr_line' id='line_1_29' title="bbox 142 3205 1295 3272; baseline 0 -15"><span class='ocrx_word' id='word_1_232' title='bbox 142 3209 249 3258; x_wconf 86' lang='lat' dir='ltr'>fluxisse</span> <span class='ocrx_word' id='word_1_233' title='bbox 274 3210 358 3272; x_wconf 83' lang='lat' dir='ltr'>putat.</span> <span class='ocrx_word' id='word_1_234' title='bbox 384 3235 420 3243; x_wconf 89' lang='lat'>—</span> <span class='ocrx_word' id='word_1_235' title='bbox 443 3205 540 3257; x_wconf 91' lang='lat' dir='ltr'>Athen.</span> <span class='ocrx_word' id='word_1_236' title='bbox 564 3206 601 3270; x_wconf 90' lang='lat'>11,</span> <span class='ocrx_word' id='word_1_237' title='bbox 628 3205 661 3254; x_wconf 80' lang='lat'>³6</span> <span class='ocrx_word' id='word_1_238' title='bbox 686 3206 834 3257; x_wconf 85' lang='lat' dir='ltr'>Mnesitheo</span> <span class='ocrx_word' id='word_1_239' title='bbox 861 3211 968 3258; x_wconf 88' lang='lat' dir='ltr'>auctore</span> <span class='ocrx_word' id='word_1_240' title='bbox 993 3207 1026 3255; x_wconf 87' lang='grc'>16</span> <span class='ocrx_word' id='word_1_241' title='bbox 1051 3208 1164 3258; x_wconf 82' lang='lat' dir='ltr'>trimetri</span> <span class='ocrx_word' id='word_1_242' title='bbox 1188 3208 1295 3258; x_wconf 89' lang='lat' dir='ltr'>devini</span> 
     </span>
     <span class='ocr_line' id='line_1_30' title="bbox 143 3298 1294 3366; baseline -0.002 -14"><span class='ocrx_word' id='word_1_243' title='bbox 143 3301 253 3366; x_wconf 86' lang='lat' dir='ltr'>potione</span> <span class='ocrx_word' id='word_1_244' title='bbox 279 3299 434 3362; x_wconf 86' lang='lat' dir='ltr'>afferuntur,</span> <span class='ocrx_word' id='word_1_245' title='bbox 465 3315 530 3366; x_wconf 89' lang='lat' dir='ltr'>quos</span> <span class='ocrx_word' id='word_1_246' title='bbox 555 3298 788 3365; x_wconf 85' lang='lat' dir='ltr'>Schweighaeuser</span> <span class='ocrx_word' id='word_1_247' title='bbox 810 3299 929 3350; x_wconf 86' lang='lat' dir='ltr'>Alexidis</span> <span class='ocrx_word' id='word_1_248' title='bbox 953 3315 1011 3349; x_wconf 87' lang='lat' dir='ltr'>esse</span> <span class='ocrx_word' id='word_1_249' title='bbox 1037 3298 1118 3363; x_wconf 82' lang='lat' dir='ltr'>dixit,</span> <span class='ocrx_word' id='word_1_250' title='bbox 1150 3300 1294 3365; x_wconf 81' lang='lat' dir='ltr'>epitomem</span> 
     </span>
     <span class='ocr_line' id='line_1_31' title="bbox 144 3390 1295 3460; baseline -0.001 -17"><span class='ocrx_word' id='word_1_251' title='bbox 144 3392 220 3460; x_wconf 81' lang='lat' dir='ltr'>[haee</span> <span class='ocrx_word' id='word_1_252' title='bbox 240 3392 370 3443; x_wconf 87' lang='lat' dir='ltr'>Dindorfii</span> <span class='ocrx_word' id='word_1_253' title='bbox 397 3408 499 3458; x_wconf 89' lang='lat' dir='ltr'>quoque</span> <span class='ocrx_word' id='word_1_254' title='bbox 524 3392 575 3442; x_wconf 87' lang='lat' dir='ltr'>fuit</span> <span class='ocrx_word' id='word_1_255' title='bbox 594 3390 734 3458; x_wconf 87' lang='lat' dir='ltr'>sententia]</span> <span class='ocrx_word' id='word_1_256' title='bbox 760 3392 891 3442; x_wconf 79' lang='lat' dir='ltr'>trubatam</span> <span class='ocrx_word' id='word_1_257' title='bbox 916 3407 986 3454; x_wconf 81' lang='lat' dir='ltr'>esse3</span> <span class='ocrx_word' id='word_1_258' title='bbox 1014 3406 1082 3457; x_wconf 89' lang='lat' dir='ltr'>quae</span> <span class='ocrx_word' id='word_1_259' title='bbox 1108 3392 1210 3457; x_wconf 89' lang='lat' dir='ltr'>opinio,</span> <span class='ocrx_word' id='word_1_260' title='bbox 1236 3408 1295 3442; x_wconf 90' lang='lat' dir='ltr'>cum</span> 
     </span>
     <span class='ocr_line' id='line_1_32' title="bbox 142 3482 1296 3550; baseline -0.003 -14"><span class='ocrx_word' id='word_1_261' title='bbox 142 3484 305 3536; x_wconf 86' lang='lat' dir='ltr'>Mnesitheus</span> <span class='ocrx_word' id='word_1_262' title='bbox 322 3485 351 3534; x_wconf 90' lang='lat' dir='ltr'>in</span> <span class='ocrx_word' id='word_1_263' title='bbox 370 3484 488 3534; x_wconf 81' lang='lat' dir='ltr'>Alexidis</span> <span class='ocrx_word' id='word_1_264' title='bbox 508 3485 653 3536; x_wconf 88' lang='lat' dir='ltr'>comoediis</span> <span class='ocrx_word' id='word_1_265' title='bbox 673 3489 891 3535; x_wconf 90' lang='lat' dir='ltr'>commemoretur</span> <span class='ocrx_word' id='word_1_266' title='bbox 910 3482 1015 3549; x_wconf 89' lang='lat' dir='ltr'>[Athen.</span> <span class='ocrx_word' id='word_1_267' title='bbox 1034 3483 1067 3546; x_wconf 89' lang='lat' dir='ltr'>X,</span> <span class='ocrx_word' id='word_1_268' title='bbox 1086 3482 1141 3533; x_wconf 83' lang='lat'>419</span> <span class='ocrx_word' id='word_1_269' title='bbox 1156 3482 1190 3550; x_wconf 75' lang='lat' dir='ltr'>cl,</span> <span class='ocrx_word' id='word_1_270' title='bbox 1216 3484 1296 3535; x_wconf 88' lang='lat' dir='ltr'>habet</span> 
     </span>
     <span class='ocr_line' id='line_1_33' title="bbox 144 3567 1295 3645; baseline -0.001 -17"><span class='ocrx_word' id='word_1_271' title='bbox 144 3594 195 3645; x_wconf 92' lang='lat' dir='ltr'>quo</span> <span class='ocrx_word' id='word_1_272' title='bbox 216 3577 422 3629; x_wconf 87' lang='lat' dir='ltr'>commendetur.</span> <span class='ocrx_word' id='word_1_273' title='bbox 459 3577 573 3628; x_wconf 89' lang='lat' dir='ltr'>Ultimos</span> <span class='ocrx_word' id='word_1_274' title='bbox 599 3582 687 3628; x_wconf 86' lang='lat' dir='ltr'>autem</span> <span class='ocrx_word' id='word_1_275' title='bbox 712 3593 803 3628; x_wconf 86' lang='lat' dir='ltr'>versus</span> <span class='ocrx_word' id='word_1_276' title='bbox 828 3567 860 3627; x_wconf 87' lang='lat' dir='ltr'>cf.</span> <span class='ocrx_word' id='word_1_277' title='bbox 887 3592 947 3627; x_wconf 89' lang='lat' dir='ltr'>cum</span> <span class='ocrx_word' id='word_1_278' title='bbox 973 3577 1024 3640; x_wconf 82' lang='lat' dir='ltr'>eIs,</span> <span class='ocrx_word' id='word_1_279' title='bbox 1049 3590 1116 3641; x_wconf 89' lang='lat' dir='ltr'>quae</span> <span class='ocrx_word' id='word_1_280' title='bbox 1139 3576 1239 3627; x_wconf 71' lang='lat' dir='ltr'>lare</span> <span class='ocrx_word' id='word_1_281' title='bbox 1264 3592 1295 3626; x_wconf 85' lang='lat' dir='ltr'>ex</span> 
     </span>
     <span class='ocr_line' id='line_1_34' title="bbox 142 3665 541 3735; baseline -0.003 -14"><span class='ocrx_word' id='word_1_282' title='bbox 142 3665 292 3721; x_wconf 86' lang='lat' dir='ltr'>Mnesitheo&#39;</span> <span class='ocrx_word' id='word_1_283' title='bbox 311 3670 370 3735; x_wconf 85' lang='lat' dir='ltr'>ipso</span> <span class='ocrx_word' id='word_1_284' title='bbox 390 3669 541 3720; x_wconf 83' lang='lat' dir='ltr'>afferuntur.</span> 
     </span>
    </p>

    <p class='ocr_par' dir='ltr' id='par_1_11' title="bbox 145 3759 1296 3921">
     <span class='ocr_line' id='line_1_35' title="bbox 217 3759 1296 3829; baseline 0.002 -19"><span class='ocrx_word' id='word_1_285' title='bbox 217 3760 246 3826; x_wconf 83' lang='lat'>4)</span> <span class='ocrx_word' id='word_1_286' title='bbox 267 3761 302 3813; x_wconf 82' lang='lat' dir='ltr'>ci.</span> <span class='ocrx_word' id='word_1_287' title='bbox 324 3761 409 3811; x_wconf 82' lang='lat' dir='ltr'>Galen</span> <span class='ocrx_word' id='word_1_288' title='bbox 427 3763 473 3826; x_wconf 91' lang='lat' dir='ltr'>IV,</span> <span class='ocrx_word' id='word_1_289' title='bbox 493 3762 555 3814; x_wconf 79' lang='lat'>471.</span> <span class='ocrx_word' id='word_1_290' title='bbox 576 3763 633 3829; x_wconf 91' lang='lat' dir='ltr'>XV,</span> <span class='ocrx_word' id='word_1_291' title='bbox 652 3760 714 3813; x_wconf 90' lang='grc'>466.</span> <span class='ocrx_word' id='word_1_292' title='bbox 754 3762 854 3813; x_wconf 87' lang='lat' dir='ltr'>Gellius</span> <span class='ocrx_word' id='word_1_293' title='bbox 872 3761 957 3826; x_wconf 90' lang='lat' dir='ltr'>XVII,</span> <span class='ocrx_word' id='word_1_294' title='bbox 980 3760 1021 3823; x_wconf 92' lang='grc'>11,</span> <span class='ocrx_word' id='word_1_295' title='bbox 1036 3759 1060 3810; x_wconf 88' lang='grc'>6.</span> <span class='ocrx_word' id='word_1_296' title='bbox 1098 3759 1206 3811; x_wconf 80' lang='lat' dir='ltr'>Fabric.</span> <span class='ocrx_word' id='word_1_297' title='bbox 1220 3760 1296 3824; x_wconf 88' lang='lat' dir='ltr'>XIII,</span> 
     </span>
     <span class='ocr_line' id='line_1_36' title="bbox 145 3853 723 3921; baseline 0.002 -16"><span class='ocrx_word' id='word_1_298' title='bbox 145 3854 206 3905; x_wconf 82' lang='grc'>366.</span> <span class='ocrx_word' id='word_1_299' title='bbox 246 3853 376 3919; x_wconf 85' lang='lat' dir='ltr'>Sprengei</span> <span class='ocrx_word' id='word_1_300' title='bbox 394 3854 448 3902; x_wconf 91' lang='grc'>468</span> <span class='ocrx_word' id='word_1_301' title='bbox 463 3871 502 3921; x_wconf 90' lang='lat' dir='ltr'>sq.</span> <span class='ocrx_word' id='word_1_302' title='bbox 540 3857 642 3906; x_wconf 88' lang='lat' dir='ltr'>Haeser</span> <span class='ocrx_word' id='word_1_303' title='bbox 662 3855 723 3906; x_wconf 81' lang='lat'>229.</span> 
     </span>
    </p>

    <p class='ocr_par' dir='ltr' id='par_1_12' title="bbox 146 3937 1295 4102">
     <span class='ocr_line' id='line_1_37' title="bbox 217 3937 1295 4016; baseline 0 -20"><span class='ocrx_word' id='word_1_304' title='bbox 217 3945 246 4011; x_wconf 96' lang='grc'>6)</span> <span class='ocrx_word' id='word_1_305' title='bbox 273 3946 307 3997; x_wconf 85' lang='lat' dir='ltr'>ci.</span> <span class='ocrx_word' id='word_1_306' title='bbox 326 3943 385 3996; x_wconf 86' lang='lat' dir='ltr'>Rufi</span> <span class='ocrx_word' id='word_1_307' title='bbox 403 3946 470 4012; x_wconf 84' lang='lat' dir='ltr'>Eph.</span> <span class='ocrx_word' id='word_1_308' title='bbox 494 3940 821 4016; x_wconf 60' lang='lat' dir='ltr'>septimusdecimus]</span> <span class='ocrx_word' id='word_1_309' title='bbox 843 3937 921 4015; x_wconf 70' lang='lat' dir='ltr'>civile.</span> <span class='ocrx_word' id='word_1_310' title='bbox 943 3959 1002 4014; x_wconf 82' lang='grc' dir='ltr'><strong>μορ.</strong></span> <span class='ocrx_word' id='word_1_311' title='bbox 1024 3944 1084 3994; x_wconf 79' lang='lat'>201.</span> <span class='ocrx_word' id='word_1_312' title='bbox 1106 3943 1147 3994; x_wconf 89' lang='lat' dir='ltr'>ed.</span> <span class='ocrx_word' id='word_1_313' title='bbox 1168 3945 1295 3996; x_wconf 80' lang='lat' dir='ltr'>Daremb.</span> 
     </span>
     <span class='ocr_line' id='line_1_38' title="bbox 146 4037 437 4102; baseline 0.003 -15"><span class='ocrx_word' id='word_1_314' title='bbox 146 4038 205 4090; x_wconf 80' lang='lat'>162.</span> <span class='ocrx_word' id='word_1_315' title='bbox 245 4039 339 4090; x_wconf 86' lang='lat' dir='ltr'>Galen.</span> <span class='ocrx_word' id='word_1_316' title='bbox 359 4039 392 4102; x_wconf 90' lang='lat' dir='ltr'>X,</span> <span class='ocrx_word' id='word_1_317' title='bbox 412 4037 437 4088; x_wconf 88' lang='grc'>6.</span> 
     </span>
    </p>

    <p class='ocr_par' dir='ltr' id='par_1_13' title="bbox 218 4129 765 4196">
     <span class='ocr_line' id='line_1_39' title="bbox 218 4129 765 4196; baseline 0.005 -18"><span class='ocrx_word' id='word_1_318' title='bbox 218 4129 246 4196; x_wconf 90' lang='grc'>6)</span> <span class='ocrx_word' id='word_1_319' title='bbox 266 4131 299 4184; x_wconf 87' lang='lat' dir='ltr'>cf.</span> <span class='ocrx_word' id='word_1_320' title='bbox 319 4131 405 4182; x_wconf 80' lang='lat' dir='ltr'>Galen</span> <span class='ocrx_word' id='word_1_321' title='bbox 423 4130 480 4194; x_wconf 92' lang='lat' dir='ltr'>XV,</span> <span class='ocrx_word' id='word_1_322' title='bbox 497 4129 559 4179; x_wconf 89' lang='grc'>466.</span> <span class='ocrx_word' id='word_1_323' title='bbox 579 4129 679 4195; x_wconf 91' lang='lat' dir='ltr'>XVIII,</span> <span class='ocrx_word' id='word_1_324' title='bbox 697 4129 721 4179; x_wconf 88' lang='lat' dir='ltr'>A</span> <span class='ocrx_word' id='word_1_325' title='bbox 739 4131 765 4181; x_wconf 89' lang='grc'>9.</span> 
     </span>
    </p>
   </div>
   <div class='ocr_carea' id='block_1_7' title="bbox 0 0 1314 4614">
    <p class='ocr_par' dir='ltr' id='par_1_14' title="bbox 0 0 1314 4614">
     <span class='ocr_line' id='line_1_40' title="bbox 0 0 1314 4614; baseline 0 0"><span class='ocrx_word' id='word_1_326' title='bbox 0 0 1314 4614; x_wconf 95' lang='lat' dir='ltr'> </span> 
     </span>
    </p>
   </div>
  </div>
 </body>
</html>
