2618 4614
584 197 735 296 Αε-

61 418 128 485 ηαο
154 397 267 464 modo
289 399 407 464 iachim
428 397 574 464 videatur
595 421 676 486 opus
704 399 935 486 Pamphileum.
989 399 1147 464 Nimirum
1175 422 1234 486 pro

60 499 250 586 explorato
267 501 368 566 habeo
384 524 433 567 ex,
449 525 496 587 gr.
508 501 732 589 Aristophanis
746 504 852 588 λέξεις,
868 502 1019 569 Nicandri
1036 504 1109 590 περὶ
1123 524 1235 568 παντο-

60 606 184 669 δαπῶν
211 607 408 693 χρηστηρίων
426 604 558 690 glossas,
580 605 774 670 Artemidori
796 605 966 670 culinarias
989 604 1086 671 denso
1108 608 1235 692 agmine

57 708 90 771 in
104 706 335 794 Pamphilum
349 709 604 793 transmigrasse3
629 710 683 795 qui
703 709 801 794 igitur
821 731 875 775 eas
897 710 1002 795 potuit
1024 708 1171 774 divellere
1192 747 1234 757 -—

57 832 141 875 nam
158 809 339 896 complura
352 818 436 875 certe
455 811 560 897 capita
571 811 745 876 effecerunt
758 851 810 895 -,
831 813 877 875 ita
891 820 927 875 ut
943 811 1064 900 [paucis
1079 811 1234 896 defungar

58 912 251 1000 exemplis]
276 915 348 1001 περί
369 913 527 1001 δευτέρας
548 913 702 999 τραπέζης
723 922 821 1000 caput
841 916 924 978 inter
945 916 1051 1000 capita
1068 917 1141 1003 περὶ
1155 917 1234 1000 δερ-

59 1015 179 1099 μάτων
199 1024 235 1081 et
250 1018 322 1101 περὶ
337 1018 576 1096 διδασκαλείου,
593 1024 689 1101 caput
700 1039 776 1081 vero
792 1019 864 1105 περὶ
874 1017 1025 1096 λαχάνων
1035 1018 1117 1082 inter
1129 1019 1234 1103 capita

59 1121 140 1208 περὶ
165 1121 330 1200 κυνηγίας
353 1126 384 1183 et
405 1120 477 1207 περὶ
499 1123 612 1199 μηνῶν
633 1116 684 1182 vel
709 1122 781 1208 περὶ
803 1118 919 1184 ἀνθῶν
932 1121 1015 1184 inter
1029 1141 1073 1184 cc.
1090 1122 1162 1208 περὶ
1176 1119 1232 1184 ἀν-

57 1222 219 1310 θρώπων
234 1231 267 1286 et
282 1223 353 1306 περὶ
367 1219 535 1309 ἀρχόντων
549 1221 740 1307 poneretur?
775 1222 820 1286 At
834 1219 939 1286 obstat
958 1220 1046 1286 locus
1062 1221 1231 1288 Suidanus.

57 1325 203 1391 Vereor
225 1325 382 1412 equidem,
405 1347 446 1389 ne
467 1345 554 1388 error
576 1323 687 1388 subsit.
730 1323 842 1389 Velut:
865 1323 942 1410 quid
964 1325 991 1388 si
1012 1326 1152 1389 numeris
1173 1347 1233 1410 pro

57 1429 191 1493 litteris
204 1429 360 1492 restitutis
374 1426 491 1491 librum
501 1426 608 1489 I-IV
619 1427 753 1491 confecit
764 1426 915 1513 Zopyrio,
931 1426 1232 1516 cete1·os[indeaV]
1253 1506 1255 1510 y

55 1532 136 1619 ipse
161 1529 383 1616 Pamphilus?
426 1528 521 1608 Quod
543 1551 580 1593 eo
603 1551 729 1615 quoque
750 1531 819 1595 veri
843 1528 953 1612 simile,
987 1529 1072 1615 quod
1104 1530 1131 1592 si
1161 1551 1233 1592 cum

56 1632 221 1699 Webero
240 1632 425 1715 faceremus,
446 1632 480 1695 in
504 1640 653 1718 quattuor
674 1633 786 1717 primis
809 1631 967 1718 capitibus
984 1654 1035 1696 res
1058 1632 1232 1697 diversissi-

55 1759 140 1802 mae
164 1735 308 1800 fuissent
328 1742 505 1819 congestae,
527 1743 668 1799 nostram
688 1735 716 1797 si
732 1736 894 1820 sequimur
908 1736 1104 1817 sententiam,
1127 1736 1233 1800 omnia

55 1839 152 1903 inter
180 1860 217 1902 se
241 1840 359 1924 optime
375 1836 552 1920 cohaerent,
574 1839 619 1901 ita
632 1845 668 1901 ut
682 1846 803 1902 certum
818 1838 1046 1923 definitumque
1060 1835 1235 1902 verborum

55 1963 178 2027 genus
209 1939 352 2027 Zopyrio
387 1940 483 2004 fuerit
510 1938 710 2027 complexus,
748 1948 853 2004 cetera
880 1938 1083 2026 Pamphilus3
1118 1941 1169 2003 cui
1204 1942 1230 2004 si

55 2052 161 2109 tanto
197 2044 299 2107 maior
326 2066 402 2130 pars
431 2044 563 2127 contigit
592 2065 687 2128 quam
717 2041 834 2125 sodali,
864 2050 899 2105 ut
925 2043 983 2106 toti
1008 2051 1120 2128 postea
1142 2045 1230 2129 operi

55 2147 180 2233 ipsius
209 2167 325 2211 nomen
347 2147 387 2210 sit
407 2146 557 2228 inditum,
585 2146 690 2232 potuit
719 2167 794 2209 sane
817 2145 958 2230 Zopy1io
980 2168 998 2210 e
1019 2143 1136 2209 laboris
1159 2167 1230 2209 con-

54 2249 172 2314 sortio
196 2248 318 2330 cedere,
340 2249 445 2335 potuit
465 2256 567 2312 morte
582 2249 717 2330 avocari,
739 2249 843 2334 potuit
857 2246 919 2312 alia
934 2248 1046 2313 obesse
1059 2270 1120 2312 res.
1156 2248 1230 2313 Una

54 2358 202 2439 pugnat
224 2373 247 2413 ω
268 2349 374 2434 litera3
396 2351 453 2416 sed
474 2351 533 2415 hoc
555 2352 670 2415 erroris
690 2351 822 2414 unicum
843 2350 1041 2435 indicium1).

158 2452 298 2518 Secutus
320 2455 417 2539 igitur
438 2462 486 2518 est
507 2477 579 2518 mea
600 2454 755 2518 sententia
776 2452 961 2539 Pamphilus
988 2461 1020 2517 et
1039 2454 1072 2516 in
1095 2452 1227 2538 singulis

54 2553 259 2623 nominibus
288 2557 495 2643 congerendis
524 2564 556 2621 et
581 2557 615 2619 in
641 2555 799 2643 capitibus
828 2555 1034 2641 disponendis
1065 2554 1117 2620 vel
1145 2578 1228 2621 com-

54 2659 234 2747 ponendis
255 2681 360 2724 rerum
383 2659 534 2724 ordinem.
571 2658 655 2738 Quid
678 2659 737 2722 hoc
760 2657 821 2723 sibi
841 2656 926 2740 velit,
949 2658 1063 2723 docere
1083 2681 1142 2722 nos
1157 2681 1228 2744 pos-

55 2770 156 2843 sunt,
181 2760 339 2847 aquibus
361 2784 451 2826 orsus
474 2785 553 2843 sum,
582 2759 735 2846 glossaria
760 2759 814 2824 illa
837 2758 1108 2825 Graeco-Latina.
1151 2761 1227 2827 Pro-

55 2865 148 2932 bavi
174 2871 292 2928 certam
312 2866 346 2928 in
367 2863 428 2928 illis
450 2865 592 2930 obtinere
613 2866 778 2945 rationem,
800 2885 896 2949 quam
919 2865 1073 2928 servarint
1086 2864 1172 2929 Mon.
1195 2874 1227 2930 ct

55 2967 94 3032 N
118 2966 239 3031 ceteris
262 2969 447 3052 accuratius,
470 2968 530 3031 NI
552 2967 798 3032 accuratissime.
849 2965 903 3029 Ex
923 2966 1088 3032 Athenaeo
1109 2990 1226 3053 magna

57 3092 186 3135 eorum
201 3071 342 3155 capitum
357 3072 448 3156 copia
461 3068 629 3156 Pamphilo
651 3078 757 3156 potest
770 3069 934 3153 vindicari,
957 3071 984 3133 si
997 3070 1129 3155 respicis
1145 3092 1226 3156 quae

58 3198 97 3261 p.
112 3174 161 3238 79
177 3194 246 3258 sqq.
270 3173 443 3258 composui.
480 3173 637 3236 Nimirum
658 3174 763 3257 agitur
781 3173 869 3259 apud
883 3172 1083 3237 Athenaeum
1099 3195 1225 3259 quoque

60 3316 107 3326 -
135 3296 334 3362 quamquam
356 3275 514 3339 distractis
541 3297 778 3362 nonnumquam
801 3276 959 3362 capitibus
984 3316 1026 3323 -
1054 3278 1125 3364 περὶ
1146 3264 1228 3365 βρω-’

61 3378 191 3461 μάτων,
215 3380 287 3467 περὶ
308 3383 420 3460 ποτῶν,
449 3381 521 3466 περὶ
541 3379 682 3463 κρέατος,
716 3381 787 3466 περὶ
813 3384 868 3458 τῆς
891 3379 1038 3466 δευτέρας
1059 3380 1223 3481 τραπέζης,

62 3483 146 3568 περὶ
168 3481 292 3563 ἰχθύων,
317 3483 389 3569 περὶ
410 3486 563 3564 πετεινῶν,
586 3482 658 3568 περὶ
676 3487 737 3548 τῶν
755 3482 965 3569 τετραπόδων,
988 3483 1059 3569 περὶ
1073 3481 1221 3567 λαχάνων,

81 3685 537 3695 —-—-——---————---—-

65 3825 236 3899 ἀγροικίας,
254 3826 384 3899 περὶτῶν
403 3825 430 3880 ἐν
448 3841 483 3899 τῳ
504 3826 593 3899 ρδου,
612 3829 673 3900 περὶ
693 3823 874 3900 ἀμπελῶνος,
893 3829 954 3900 περὶ
972 3828 1024 3881 τῶν
1042 3827 1069 3882 έν
1088 3825 1221 3902 ἀμφιθε·

67 3916 154 3993 ἀτρῳ.

149 4011 178 4077 1)
196 4013 298 4063 Erroris
318 4014 521 4079 explicationem
540 4014 563 4064 si
582 4015 639 4080 quis
658 4015 767 4080 quaerit,
790 4015 916 4079 scriptum
935 4030 993 4064 esse
1012 4017 1099 4080 potuit
1116 4011 1171 4066 ἔστι
1189 4013 1219 4067 δέ

68 4098 127 4159 ἀπὸ
147 4101 194 4155 τοῦ
216 4100 228 4154 έ
247 4099 459 4179 συγγεγραμμένα
478 4103 566 4174 ἐκείνῳ
586 4100 633 4156 ’τά
652 4104 715 4175 κτλ,
735 4106 806 4173 quod
824 4106 925 4157 Usener
949 4105 1013 4157 mihi
1031 4107 1218 4174 suppeditavit.

950 4191 995 4257 Q*
