2618 4614
604 206 753 308 -εε-

104 409 319 474 concinnatus.
361 409 478 495 Atque,
505 417 541 474 ut
561 432 629 475 rem
650 408 816 495 intelligas,
838 409 874 492 is,
903 409 1045 495 quisquis
1068 407 1144 492 fuit,
1169 433 1188 474 o

104 510 210 576 culum
231 512 461 576 consarcinavit
482 511 583 577 tribus
599 511 782 576 distinctum
797 511 896 594 libris,
919 534 976 576 ceu
991 511 1189 596 praefatium

105 635 186 700 quae
207 612 281 678 huie
301 612 406 679 libello
428 616 583 700 praeponi
605 612 693 697 solet,
723 616 838 680 rectius
865 616 898 677 in
920 615 1025 700 operis
1053 613 1189 701 frontis}

103 715 294 801 collocanda,
316 725 465 782 testatum
487 717 623 803 reliquit.
658 718 767 782 Primo
788 714 944 782 vocabula
959 715 1153 802 complexus
1171 720 1189 782 ir

103 820 209 906 capita
228 829 333 885 rerum
355 819 455 885 instar
468 818 549 887 ,Iulii
569 819 707 885 Pollucis
718 823 752 907 ¹),
774 820 859 884 hunc
879 819 913 882 in
933 818 1065 883 modum

131 957 133 960 ⁴
186 925 270 986 Θεῶν
291 920 443 1003 ὀνόματα,
465 920 525 986 hoc
548 931 605 1007 est,
627 924 770 989 Deorum
791 923 928 987 nomina.

185 1025 260 1111 Περὶ
279 1028 340 1088 τῶν
362 1023 394 1089 ἐν
414 1028 457 1110 τῷ
482 1021 554 1113 ᾄδῃ,
582 1024 643 1090 hoc
671 1035 728 1109 est,
756 1026 808 1091 De
830 1024 890 1089 hiis
913 1047 993 1110 quae
1015 1025 1106 1110 apud
1128 1026 1189 1092 inf<

185 1127 261 1215 Περὶ
281 1127 473 1210 θεοσεβείας,
496 1126 636 1213 horest,
658 1128 697 1193 de
719 1126 879 1212 religione.

184 1231 259 1316 Περὶ
277 1233 360 1294 ναῶν
374 1229 473 1313 ἱερῶν,
495 1227 557 1294 hoc
571 1237 628 1313 est,
651 1231 690 1295 de
706 1230 838 1296 aedibus
854 1231 961 1312 sacris,
983 1231 1076 1294 etsie
1092 1231 1189 1296 deinc

101 1331 156 1417 qui
182 1330 264 1397 liber
289 1332 462 1397 etiamnum
491 1341 610 1414 exstat,
637 1334 759 1398 utinam
789 1343 855 1397 tam
884 1332 1009 1414 doctus,
1039 1354 1143 1417 quarn
1177 1357 1189 1399 c

101 1442 209 1520 posset
223 1456 292 1500 esse
308 1433 457 1499 studiosis
473 1434 619 1499 omnibus
633 1434 729 1519 utilis,
755 1436 781 1498 si
791 1435 874 1501 foret
885 1435 1066 1519 castigatus,
1105 1435 1189 1502 Secu

101 1536 253 1602 dictiones
278 1537 370 1601 iuxta
397 1536 510 1601 seriem
536 1536 772 1603 elementariam
799 1537 939 1622 digessit.
983 1537 1093 1602 Tertio
1117 1562 1189 1604 voc:

99 1638 202 1704 lorum
221 1661 315 1703 usum
338 1639 439 1723 docet,
462 1640 636 1704 orationem
658 1663 700 1705 ex
720 1639 781 1704 illis
804 1651 984 1724 contexens,
1007 1662 1104 1725 quem
1120 1664 1189 1705 nun

100 1741 262 1828 publicum
278 1740 421 1807 damus“.
457 1741 553 1806 Hunc
573 1743 701 1807 tertium
722 1741 839 1807 librum
864 1765 936 1806 cum
952 1743 1089 1807 sciamus
1112 1747 1189 1830 prin

99 1865 169 1909 esse
189 1845 223 1908 in
244 1843 352 1910 codice
373 1843 583 1930 Neapolitano
591 1847 629 1931 ²),
655 1845 816 1911 discamus
839 1867 913 1910 vero
937 1853 1088 1931 quattuor
1110 1850 1188 1934 capi

98 1945 171 2011 libri
195 1947 291 2033 primi
311 1945 419 2011 titulos
441 1944 517 2012 οὐδὲ
537 1953 593 2037 γρῦ
623 1957 743 2014 mutato
765 1949 799 2011 in
819 1947 908 2011 initio
935 1948 1028 2013 unius
1050 1948 1131 2032 NI,
1170 1973 1189 2037 q

100 2050 206 2114 statim
226 2048 360 2135 videbis,
382 2051 496 2134 redire,
518 2052 582 2115 iam
603 2059 726 2115 constat
746 2051 882 2116 Beatum
896 2047 1084 2115 Rhenanam
1107 2053 1189 2117 eius(

98 2153 449 2239 interpretamentorum
476 2154 632 2240 corporis,
666 2153 753 2239 quod
780 2152 983 2241 Neapolitani
1011 2152 1096 2218 foliis
1125 2156 1189 2220 37-

98 2278 215 2341 magna
236 2265 383 2342 exparte
398 2264 558 2321 servatum
573 2263 687 2337 exstat,
710 2255 841 2320 alteram
855 2256 1004 2321 habuisse
1018 2258 1188 2323 recension

102 2357 171 2422 Una
197 2358 347 2423 differunt
372 2356 624 2445 praefatiuncula
650 2357 704 2423 illa
729 2357 914 2423 stultissima
934 2360 968 2422 in
989 2358 1019 2422 N
1040 2381 1075 2423 re
1097 2382 1178 2424 vera

99 2462 203 2547 operis
217 2460 432 2546 frontispicio“
449 2459 609 2542 collocata,
624 2460 657 2523 in
667 2459 760 2525 Beati
771 2459 914 2525 Rhenani
926 2459 1103 2547 exemplari
1114 2459 1189 2526 alter

96 2561 222 2628 lexicon
250 2571 366 2628 secuta.
419 2562 532 2649 Itaque
565 2562 604 2626 de
635 2564 795 2627 communi
827 2563 999 2649 archetypo
1032 2565 1189 2649 cogitandi

98 2666 187 2729 cuius
215 2665 360 2730 redactor
385 2663 670 2751 praefatiunculam
700 2664 786 2730 illam
807 2667 1021 2752 composuerit
1042 2667 1167 2753 totique
1188 2704 1189 2714 κ

97 2766 226 2833 lectioni
238 2767 438 2853 praemiserit
450 2769 605 2832 rationem
620 2768 687 2832 eius
702 2767 926 2851 indicaturam3
947 2791 1042 2854 quam
1053 2768 1085 2831 N
1100 2767 1189 2833 librar

98 2891 155 2934 suo
169 2868 237 2934 loco
252 2870 405 2951 servavit,
424 2868 622 2936 Rhenaniani
636 2871 826 2957 exemplaris
842 2871 945 2935 scriba
965 2893 1036 2934 cum
1052 2875 1189 2953 καθημες

172 3105 199 3174 1)
219 3106 259 3158 cf.
278 3107 421 3173 Raphaelis
439 3109 605 3160 Volaterrani
626 3108 879 3160 Commentariorum
904 3109 1064 3159 urbanorum
1087 3110 1183 3161 librum

97 3201 143 3251 ubi
161 3216 187 3267 p.
208 3199 242 3248 56
260 3198 328 3250 haec
349 3201 468 3252 invenies
492 3201 603 3252 tradita:
631 3201 753 3266 „Deinde
771 3200 923 3251 Fidentiola
942 3216 958 3251 a
978 3200 1086 3252 dextera
1105 3208 1181 3254 vetus

97 3293 203 3360 pidum3
229 3291 262 3343 ab
281 3293 359 3344 laeva
376 3309 446 3343 novo
465 3293 571 3344 nomine
591 3292 717 3358 oppidum
736 3293 849 3343 Bobium
869 3292 904 3342 ad
922 3293 1057 3357 Apennini
1078 3296 1143 3360 iuga
1161 3296 1189 3346 sil

97 3386 144 3436 ubi
168 3383 256 3435 nobile
281 3385 437 3435 coenobium
459 3399 476 3433 a
494 3384 678 3435 Theodolinda
698 3385 791 3449 regina
816 3384 1052 3449 Longobardorum
1078 3389 1189 3438 exstruct

97 3479 151 3528 Hic
179 3493 248 3528 anno
279 3477 348 3527 1493
376 3476 559 3527 huiuscemodi
585 3476 646 3527 libri
673 3476 771 3542 reperti
799 3481 874 3527 sunt:
905 3475 1018 3526 Rutilius
1046 3478 1189 3530 Naumatiu

97 3571 241 3620 Hernicum
267 3569 376 3635 Sulpicii
401 3583 515 3619 carmen.
564 3569 598 3616 70
624 3568 822 3633 epigrammata.
866 3569 1003 3619 Terentius
1030 3568 1189 3623 Maurus..

98 3662 165 3713 liber
182 3661 322 3728 persimilis
337 3660 405 3710 Iulio
422 3660 525 3710 Polluci
545 3659 577 3709 de
595 3659 733 3710 vocabulis
751 3675 853 3724 rerum,
877 3665 918 3711 set
935 3659 987 3711 hoc
1006 3661 1133 3726 amplius:
1152 3663 1189 3712 Lo

99 3754 208 3805 Graecis
235 3751 372 3804 vocabulis
399 3749 588 3818 respondent“.
634 3750 668 3802 cf.
695 3750 731 3802 Μ.
755 3752 866 3818 Hauptii
889 3753 970 3803 indic.
995 3752 1056 3804 lect.
1082 3753 1137 3806 hib.
1162 3755 1189 3806 Bt

99 3847 163 3897 anni
185 3843 263 3908 1871,
282 3860 308 3910 p.
328 3844 375 3895 1v.
395 3864 431 3886 =
450 3859 541 3910 opusc.
560 3843 597 3907 H,
616 3843 679 3892 442.

173 3934 203 4001 2)
220 3937 369 4000 Internum,
394 3940 424 3986 ut
447 3951 527 4000 supra
550 3935 663 3986 vidimus
688 3933 731 4002 [cf.
756 3950 783 4001 p.
809 3936 841 3984 13
855 3932 935 4002 sqq.]‚
960 3935 1083 3986 lectionis
1110 3937 1189 3989 variet

100 4029 256 4080 nonnullae:
274 4027 451 4094 interpunctio
471 4027 575 4077 diversa
594 4027 655 4092 510,
675 4029 691 4078 5
712 4033 738 4079 et
757 4027 806 4092 283
832 4027 958 4078 articulus
975 4027 1003 4078 in
1021 4029 1047 4079 N
1065 4031 1189 4096 appositu

100 4122 247 4174 Bomissus
267 4120 328 4185 517,
349 4119 382 4168 25
403 4124 429 4170 et
448 4120 483 4169 ³0
502 4119 547 4173 all.
