2618 4614
556 202 602 268 62

500 291 654 302 —--—-

1 408 192 491 impertitum
207 405 347 470 voluisse
360 429 425 469 non
440 405 544 469 solnm
559 407 594 467 in
608 399 877 489 praefatiomhns
892 400 1088 486 expressisv
1131 400 1138 419 ⁸
1174 423 1178 439 ¹

0 507 75 571 olet
101 509 308 592 pronuntiare
320 510 356 593 ¹),
389 507 446 571 sed
472 507 577 570 multo
603 508 706 570 etiam
735 503 861 568 chrius
888 502 1011 583 reddit,
1046 524 1109 567 eum
1181 509 1196 551 ·'

18 609 110 673 uibus
133 632 280 696 quaeque
300 633 351 673 res
373 609 479 673 verbis
502 612 544 672 sit
565 607 733 673 laudanda
752 616 813 670 aut
826 603 1058 692 uituperanda,
1077 626 1107 669 so
1185 614 1190 675 J

0 712 166 795 1'cere2),
188 724 221 775 et
242 713 338 775 crisin
359 710 512 776 exhibere
533 734 664 793 vocum,
692 732 779 795 quas
801 709 976 794 apposuit,
998 706 1098 773 verbis

21 813 72 874 itis
94 835 150 876 seu
171 815 318 901 δοοχερὲς
333 812 414 900 πρὸς
434 813 492 892 τὴν
507 812 617 895 ἀκοήν,
639 812 791 894 σκληρόν,
817 813 939 894 βίαιον,
967 807 1144 898 θρααέτιρα
1180 801 1187 847 ·³

3 914 65 976 ive
75 913 112 977 oi
125 914 263 995 δόκιμον,
279 915 408 995 εὐτελές,
424 938 482 978 sen
497 915 699 998 σεμνοτέραν,
715 923 876 994 ποιηταῖς
892 910 1047 997 «intuitu,
1061 933 1109 977 τοι
1152 980 1155 985 ,
1182 901 1196 962 3

10 1014 62 1091 .όν,
84 1014 141 1078 οἰκ
155 1017 244 1097 ἔγωγε
268 1021 438 1101 προσίεμαι
461 1040 518 1081 seu
540 1017 750 1101 similibus⁸).
785 1016 910 1101 Itaque
933 1014 1155 1102 quamquamin
1184 1028 1196 1065 1'

35 1117 108 1178 'tica
134 1130 201 1180 arte
228 1142 248 1182 a
273 1130 364 1204 patre
385 1117 546 1184 eruditum
567 1121 747 1184 eminuisse
768 1117 947 1183 Pollucem
968 1116 1153 1181 Philostrati·
1180 1135 1194 1167 ''-

21 1228 147 1299 statur,
179 1242 371 1305 quamquam
402 1221 519 1284 Rohdii
550 1234 583 1285 et
614 1221 756 1286 aliorum
790 1242 898 1307 opera
932 1221 1072 1285 scimus
1099 1240 1153 1284 eun
1191 1211 1196 1216 ⁸

1 1321 277 1405 grammaticorum
297 1320 395 1386 libros
415 1361 447 1368 —
465 1322 555 1386 velut
569 1324 760 1409 Tryphonis
782 1323 971 1404 ὀνομασίας
992 1345 1052 1408 per
1064 1320 1154 1387 Iubau
1184 1356 1186 1361 ¹

3 1432 35 1486 et
55 1421 230 1506 Didymum
244 1422 287 1507 (i)
316 1463 358 1472 -
382 1424 416 1486 in
442 1447 537 1487 sunm
558 1448 656 1488 usum
678 1428 894 1509 convertisse,
917 1434 1033 1491 tamen
1051 1421 1155 1488 nihili
1189 1472 1196 1477 -

3 1533 52 1588 est
82 1523 284 1587 tribuendum
312 1524 353 1588 ad
382 1547 452 1589 eam
482 1529 707 1612 quaestionem
736 1528 952 1612 solvendam,
987 1550 1052 1614 qno
1082 1523 1154 1591 molt
1187 1544 1196 1581 3

7 1627 281 1712 grammaticomm
313 1626 418 1690 studia
448 1629 481 1691 in
513 1631 626 1708 λέξεων
662 1631 817 1696 thesauro
854 1630 1043 1697 secundum
1072 1650 1155 1695 rerum

2 1730 108 1814 capita
129 1727 291 1792 condendo
312 1739 438 1794 versata
459 1754 518 1816 per
539 1732 742 1797 saeculorum
763 1734 881 1820 fiigam
905 1735 1057 1820 ceperint
1079 1734 1156 1796 incre
1187 1751 1196 1757 ·

5 1840 119 1914 menta,
140 1830 181 1894 ad
202 1831 297 1893 finem
319 1831 477 1916 quendam
499 1837 716 1920 pervenerint,
739 1838 909 1901 exstincta
928 1836 1004 1900 ludi
1022 1832 1157 1920 magistal
1188 1886 1196 1892 .

5 1936 106 2001 lorum
127 1933 200 1996 usui
220 1933 448 1998 inservirennt.

434 2292 595 2394 Caput
630 2298 718 2371 ΠΙ.

173 2463 232 2531 De
256 2459 462 2542 Pamphili
487 2463 751 2542 grammatici
777 2467 821 2534 et
846 2467 1010 2536 medici

355 2599 632 2669 Alexandrini
658 2600 807 2672 lexico.

94 2750 157 2817 Sed
179 2768 272 2835 quem
293 2745 387 2810 finem
409 2745 503 2810 dico‘?
537 2747 655 2812 Fuitne
677 2747 880 2834 antiquitatis
899 2748 1050 2816 Graecae
1070 2770 1156 2837 gran·

9 2859 151 2939 malicus,
174 2851 228 2938 qui
249 2849 388 2933 auderet,
411 2872 492 2936 quae
507 2848 732 2935 Aristophanis
754 2852 904 2936 vestigiis
927 2848 1157 2919 insistentesad

9 2963 131 3051 glossas
152 2966 183 3021 et
205 2954 300 3034 λέξεις
322 2952 493 3017 seeundum
514 2953 660 3017 notiones
681 2952 716 3016 in
738 2962 826 3018 certa
847 2956 959 3040 capita
980 2954 1156 3042 digerendae
1181 3038 1185 3043 Ι

10 3078 42 3135 et
63 3059 265 3152 explicandas
286 3057 404 3143 posteri
425 3053 629 3139 contulerant,
651 3056 684 3118 in
705 3078 806 3120 unum
828 3078 949 3142 eorpus
969 3057 1117 3144 colligere
1134 3062 1158 3120 et

10 3172 71 3239 hoe
84 3166 178 3234 modo
194 3170 316 3229 tantum
330 3182 394 3226 non
409 3159 550 3223 omnium
565 3155 729 3238 ὀνομάτων
743 3161 797 3222 καὶ
810 3165 962 3240 γλωσσῶν
985 3160 1158 3226 thesaurum

11 3269 186 3345 conficere?
228 3266 303 3331 Fuit
331 3261 514 3350 Pamphilus
542 3261 789 3336 Alexandrinus,
835 3261 903 3326 Sed
932 3262 1025 3328 haud
1050 3264 1159 3348 ignoro,

12 3404 108 3474 ‹puuu
131 3373 228 3442 dubia
242 3370 301 3435 hae
315 3389 439 3454 quoque
455 3374 557 3429 aetate
578 3387 629 3429 res
653 3365 702 3446 sit,
724 3385 784 3428 nee
806 3364 924 3450 opinor
946 3366 1096 3449 deerunt,
1116 3363 1161 3452 qui

12 3480 204 3555 contendant
224 3470 425 3560 Pamphilum
452 3469 485 3532 in
512 3468 632 3553 ingenti
661 3489 718 3531 suo
747 3489 844 3553 opere
872 3468 1046 3534 condendo
1075 3467 1161 3535 aliun

88 3682 115 3749 1)
136 3679 169 3732 ei.
189 3672 272 3744 praef,
292 3669 416 3721 librorum
434 3665 456 3727 1,
475 3663 527 3725 111,
546 3662 584 3712 IV
603 3666 653 3712 ete.

87 3777 116 3843 2)
137 3774 169 3827 ul.
191 3787 230 3823 ex.
250 3782 289 3833 gr.
310 3763 332 3828 I,
353 3757 469 3809 40-42.
491 3753 643 3805 178-180.
663 3753 818 3805 238-240.
837 3754 870 3818 V,
891 3752 956 3807 108.

87 3872 117 3941 3)
136 3867 215 3921 l'otui
228 3862 349 3915 sescenta
362 3851 472 3915 addere3
490 3849 563 3900 velut
575 3840 606 3898 οὺ
622 3843 718 3916 μέντοι,
731 3838 918 3916 παμπόνηρον,
933 3842 1057 3916 ἰδιωτῶν,
1071 3843 1169 3919 βαρβα-

14 3990 61 4046 ρο,
89 3954 211 4036 κωμικόν,
232 3951 323 4014 δεινῶς
335 3938 479 4016 ποιητικόν,
499 3935 546 3994 οὒκ
560 3932 592 3992 ἂν
612 3936 705 4007 εἴποις,
725 3931 860 4010 φορτικόν,
873 3932 1011 4009 ἐκχρήσει
1026 3936 1170 4010 κεκριμένη,

14 4013 70 4122 „ima
81 4056 163 4134 W„
182 4046 257 4125 ἡδίω,
278 4041 386 4117 βέλτιον,
406 4036 490 4102 εἴποις
506 4026 547 4105 ἄν,
566 4026 598 4085 ον’)
612 4029 670 4083 λίαν
683 4027 804 4102 κέκριται,
823 4021 897 4081 οὕτω
916 4023 995 4102 παρὰ
1013 4035 1073 4094 τοῖς
1087 4048 1172 4123 καιρι·

15 4160 103 4240 μένοις
123 4137 210 4227 εὗρον,
229 4136 298 4214 τάχα
317 4136 360 4191 καί
379 4141 428 4188 eto.
