2618 4614
607 234 649 300 65

553 323 701 334 ..-.---

112 435 263 501 Deinde
284 436 386 502 adicio
408 460 490 524 quae
510 437 573 501 huo
593 437 712 502 faciunt
733 459 775 501 ex
796 435 865 501 aliis
886 435 963 500 loeis
986 436 1118 502 Suidae:

117 537 166 603 V.
194 538 379 621 Οὐηστῖνος,
393 537 524 616 Ἰούλιος
538 544 741 629 χρηματίσας,
763 541 918 625 σοφιστής
933 537 1127 621 .Ἐπιτομὴν
1140 545 1203 605 τῶν

83 643 214 727 μψίλου
225 647 389 726 Γλωσσῶν,
404 646 525 728 βίβλους
537 644 576 708 δ’.
594 639 742 723 Ἐκλονήν
756 640 917 722 ὀνομάτων
929 643 961 707 ἐκ
972 648 1033 707 τῶν
1044 644 1203 724 Δημοσθέ-

81 766 113 817 υς
137 748 279 830 βιβλίων.
296 744 446 826 Ἐκλονήν
467 746 501 812 ἐκ
521 752 583 811 τῶν
605 747 813 827 Θουκυδίδου,
832 744 970 828 Ἰσαίου,
989 744 1200 835 Ἰσοκράτους,

81 849 94 912 ὶ
116 849 336 932 Θρασυμάχου
358 854 414 914 ταῶ
438 847 582 938 ῥήτορος,
604 851 738 914 καὶτῶν
760 845 862 914 ἄλλων
884 846 1034 938 ῥητόρων.

128 950 191 1016 VI.
214 950 626 1041 Διοχενειανός,“Πρακλείας
637 957 693 1032 τῆς
704 948 831 1033 Πόντου,
843 950 1203 1038 γραμματικόςχενονώς

81 1054 94 1116 ;’
104 1051 284 1139 Ἀδριανοῦ
297 1056 455 1140 βασιλέως.
470 1095 512 1105 -
526 1052 740 1136 Διοχινειανός,
753 1053 941 1142 Ἡρακλείας
957 1054 1074 1143 ἑτέρας,
1094 1052 1130 1119 οὗ
1146 1061 1202 1137 τῆς

81 1154 178 1238 έιτου,
201 1159 424 1245 γραμματικός,
447 1155 575 1239 γεγονός
596 1158 649 1221 καὶ
670 1155 767 1234 αὐτός
789 1154 1020 1241 ἐπ”.ίδριανοῶ
1044 1159 1201 1243 βασιλέως.

81 1261 234 1325 ιιστατέον
256 1261 291 1325 δὲ
313 1257 432 1341 μήποτέ
457 1260 540 1326 έστιν
562 1259 580 1324 ό
603 1259 636 1324 ἐκ
657 1259 1078 1345 τῆςἈλβάκηςἯρακλείας
1100 1267 1156 1343 τῆς
1171 1261 1203 1326 έν

81 1366 154 1448 αρίᾳ
176 1361 288 1448 ἰατρός
304 1412 311 1427 .
325 1352 364 1444 ἦν
384 1360 443 1447 γὰρ
466 1349 559 1437 οὗτος
581 1371 731 1437 παντοῖος
753 1361 853 1445 λόγοις
869 1410 877 1427 .
893 1361 929 1428 οὗ
951 1361 1012 1451 γὰρ
1034 1349 1125 1450 εὗρον
1150 1365 1203 1453 ῥη-

81 1470 111 1539 ός
132 1463 170 1530 τό
195 1465 229 1544 έξ
240 1465 428 1551 Ἡρακλείας
448 1463 545 1530 αὖτόν
563 1460 644 1531 εἶναι
664 1472 721 1548 τῆς
742 1466 774 1531 έν
788 1465 903 1552 Πόντῳ,
927 1463 991 1529 ἀλλ’
1012 1464 1093 1529 οὕτω
1114 1465 1203 1551 παρά

81 1587 113 1632 σι
128 1566 322 1648 δεδόξασται
338 1619 345 1633 .
361 1568 445 1633 ἔστιν
459 1567 543 1655 αὐτῷ
560 1571 661 1653 βιβλία
675 1574 775 1633 ταῦτα
790 1591 797 1606 ·
814 1569 902 1648 Λέξις
918 1567 1103 1652 παντοδαπή
1121 1568 1200 1634 κατὰ

81 1678 206 1747 πιχεῖον
233 1671 265 1735 έν
293 1673 422 1756 βιβλίοις
451 1672 465 1736 ἑ
496 1670 640 1756 (ἐπιτομὴ
670 1673 698 1736 δ’
721 1672 787 1737 έστί
813 1677 875 1735 τῶν
902 1673 1064 1756 Παμφίλου
1093 1672 1203 1752 λέξεων

81 1775 173 1858 βλίων
196 1774 211 1838 έ
232 1776 286 1838 καὶ
306 1776 517 1861 τετρακοσίων
537 1777 590 1838 καὶ
611 1780 673 1839 τῶν
688 1775 914 1860 Ζωπυρίωνος).
940 1772 1203 1855 Ἐπιγραμμάτων

81 1873 246 1958 νθολόχιον.
274 1879 350 1964 Περὶ
378 1880 543 1962 ποταμῶν,
571 1883 697 1958 λιμνῶν,
725 1883 859 1964 κρηνῶν,
887 1875 983 1965 ὀρῶν,
1014 1875 1201 1966 ἀκρωρειῶν.

81 1982 124 2068 ερὶ
150 1984 331 2066 παροιμιῶν
350 1978 431 2044 κατὰ
455 1987 610 2057 στοιχεῖον
631 1979 779 2061 ἐπίτομον
800 1977 992 2066 ἀναγραφήν.
1026 1980 1203 2063 Συνανωνήν

81 2086 101 2147 ιὶ
123 2085 242 2148 πίνακα
262 2087 326 2147 τῶν
346 2083 378 2147 ἓν
399 2081 486 2165 πόσῃ
507 2088 545 2166 τῇ
568 2088 603 2165 νῇ
627 2081 746 2148 πόλεων
767 2079 880 2146 καὶτὰ
902 2081 1006 2150 λοιπά.

132 2186 285 2271 Denique
300 2208 382 2272 quae
394 2187 428 2249 in
443 2194 608 2250 auctorum
622 2184 732 2251 tabula
748 2184 865 2251 Suidae
880 2185 1024 2271 praefixa
1037 2185 1203 2270 leguntur:

131 2288 191 2353 VI.
210 2286 392 2368 Οὐηστῖνος
413 2286 556 2366 Ἰούλιος,
584 2289 744 2374 σοφιστής,
771 2288 921 2370 ἐπιτομὴν
948 2293 1010 2353 τῶν
1038 2292 1201 2375 Παμφίλου

81 2397 203 2473 κισσῶν,
228 2392 350 2476 βιβλίων
372 2388 551 2472 ἐνενήκοντα
574 2390 650 2467 ἓνός.

132 2495 225 2559 VIII.
253 2494 424 2579 Πάμφιλος,
450 2499 583 2574 λειμῶνα
604 2495 714 2574 λέξεων
735 2496 888 2576 ποικίλων,
912 2493 1058 2580 περιοχὴν
1080 2497 1202 2579 βιβλίων

81 2598 230 2680 τνήκοντα
259 2597 370 2662 πέντε.
388 2598 453 2663 ἔστι
482 2598 517 2662 δὲ
545 2596 609 2662 ἀπό
636 2603 692 2662 τοῦ
721 2598 735 2661 έ
764 2600 916 2676 στοιχείου
939 2598 996 2674 ἕως
1017 2602 1072 2662 τοῦ
1096 2595 1199 2662 ῶ.τό

81 2699 111 2789 λρ
134 2699 197 2766 ἀπὸ
220 2706 277 2766 τοῦ
300 2698 322 2763 ό
344 2700 431 2784 μέχρι
451 2706 507 2765 τοῦ
531 2701 558 2766 δ’
582 2703 751 2786 Ζωπυρίων
772 2704 928 2782 πεποίηκε.
1019 2756 1021 2758 ,

133 2803 276 2867 Tertium
310 2811 341 2867 et
373 2811 521 2889 quartum
556 2825 576 2868 a
609 2813 718 2868 nostra
750 2804 934 2889 quaestione
966 2823 1096 2888 prorsus
1129 2825 1198 2868 esse

81 2905 258 2972 emovendos
286 2905 389 2991 quivis
417 2905 548 2988 viderit3
578 2905 617 2970 de
644 2906 747 2992 primo
775 2914 807 2970 et
828 2905 966 2971 secundo
988 2927 1025 2969 οο
1048 2912 1097 2970 est
1118 2905 1199 2970 diffi-

126 3121 148 3176 l.
162 3126 349 3176 Westermann
368 3124 421 3174 347
434 3140 473 3190 sq.
493 3141 544 3176 om.
558 3125 590 3176 A.
604 3150 644 3162 ·-
665 3122 689 3177 2.
710 3122 797 3194 βιβλία
815 3126 847 3175 Ε.
866 3122 898 3204 ρδ
911 3126 965 3176 ΒΕ.
985 3154 1021 3162 -
1040 3121 1065 3177 5.
1080 3129 1196 3179 Wester·

81 3230 134 3267 υιυιι
145 3216 195 3265 3βὸ
209 3233 248 3284 sq.
268 3213 315 3286 τῆς
338 3216 399 3268 add.
411 3217 551 3268 Westerm.
564 3247 601 3253 —
613 3212 722 3283 γεγονὼς
740 3247 773 3254 -
791 3218 835 3269 καὶ
852 3219 916 3269 add.
929 3219 953 3268 A
965 3220 998 3270 V.
1020 3235 1195 3286 „quamquam

81 3321 112 3356 ιου
126 3315 193 3360 reete
212 3311 259 3373 sic,
284 3312 316 3358 ut
332 3308 444 3373 videtur,
469 3324 511 3359 res
534 3311 612 3360 unius
632 3308 842 3375 discerpuntur“.
868 3312 951 3362 West.
977 3338 1013 3346 —
1038 3306 1063 3361 7.
1092 3308 1196 3362 ἐπιστα-

81 3393 158 3452 υίυνΑ.
176 3395 328 3468 έπιστητέον
347 3405 408 3452 cett.
427 3429 463 3437 -
481 3394 508 3452 8.
529 3384 560 3471 ἦν
577 3396 627 3473 γὰρ
646 3404 776 3454 ΑΒΠΕ.
796 3385 813 3471 ἦ
830 3396 879 3474 γὰρ
897 3386 931 3471 ἦν
950 3406 1011 3452 cett.
1030 3429 1068 3439 -
1085 3398 1111 3453 9.
1130 3416 1195 3454 παν-

81 3492 127 3554 ωῑος
140 3487 215 3558 λόγος
232 3493 365 3545 ABDE.
390 3491 520 3556 παντοίως
542 3488 631 3559 λόγιος
649 3496 734 3560 Toup,
761 3496 804 3545 eui
829 3511 878 3559 ego
904 3495 1043 3546 assentior.
1068 3498 1195 3557 παντοῖος

81 3573 146 3646 λόγους
167 3584 329 3651 Bernhardy.
363 3613 393 3622 —
430 3581 471 3636 ll.
498 3580 566 3637 ἔστιν
591 3581 661 3655 αὐτῷ
686 3587 719 3637 Π.
745 3581 849 3636 ἔστιδὲ
872 3578 953 3637 αὐτοῦ
974 3592 1036 3638 cett.
1063 3615 1096 3624 -
1124 3584 1194 3650 λέξις

81 3671 202 3744 παντοδαπὴ
222 3678 352 3730 ABVE.
376 3673 458 3740 λέξεις
480 3673 649 3728 παντοδαπαί
674 3682 734 3729 cett.
764 3705 797 3712 —
828 3672 870 3729 13.
897 3695 912 3757 ρ
935 3678 996 3730 αοΠ.
1024 3679 1097 3731 Suid.
1123 3695 1144 3731 ο.
1166 3698 1192 3733 v.

81 3756 187 3834 Πίμμλος
198 3770 348 3823 Hemsterh.
367 3771 490 3822 Traditur
501 3767 681 3840 τετρακοσίων.
701 3797 734 3804 -
757 3764 799 3820 14.
819 3767 939 3841 κρημνῶν
956 3771 1021 3821 ΒΕ.
1034 3799 1071 3808 -
1085 3766 1127 3823 15.
1142 3785 1193 3823 πα-

81 3856 157 3924 λδμόν
166 3861 264 3915 δολοίί.
278 3864 453 3930 paroemiogr.
468 3863 512 3915 Gr.
527 3864 549 3927 1,
559 3862 668 3914 XXVII.
687 3862 812 3913 Traditur
823 3859 956 3930 ποταμῶν.
969 3855 1118 3933 -χρόνων
1131 3869 1193 3914 ante

83 3937 172 4019 &mov
188 3955 250 4006 add.
266 3956 368 4006 Πτολε.
390 3982 421 3992 -
444 3949 486 4006 16.
506 3952 601 4005 πίνακα
621 3992 627 4006 .
648 3992 654 4004 .
675 3993 682 4006 .
702 3992 708 4004 .
728 3951 852 4022 περὶτῶν
870 3954 934 4006 ΒΕ.
956 3983 988 3990 -
1009 3952 1039 4024 τῇ
1060 3955 1191 4007 om.AV.

85 4060 105 4073 ·
119 4036 144 4092 τό
164 4063 212 4098 om.
231 4047 256 4098 A
272 4048 304 4098 V.
334 4075 366 4082 —
402 4047 444 4098 Ad
469 4052 605 4097 auctorum
630 4046 763 4097 tabulam:
797 4040 840 4098 1⁷.
858 4038 1006 4108 Ἰουστῐνος
1030 4047 1098 4099 trad.
1124 4063 1190 4099 corr.

84 4125 212 4189 vdckenaer
229 4140 260 4190 in
278 4137 387 4190 Theocr.
406 4139 494 4192 Adon.
514 4138 631 4189 294-6.
650 4166 688 4175 -
705 4134 750 4191 21.
770 4131 920 4206 ἐπεποιήκει
937 4139 1008 4204 vulg.

942 4225 962 4288 5
