2618 4614
651 223 694 287 44

601 312 747 324 -ῥ-

99 424 211 489 studiis
244 448 308 489 non
343 423 445 489 solum
472 427 823 514 interpretamentorum
850 427 895 492 eis
924 426 1027 508 libris,
1058 423 1226 510 quibuscun

97 527 189 593 nobis
204 551 256 592 res
278 537 335 611 est,
356 528 552 615 aliquantum
573 530 652 595 lucis
673 529 857 614 adfulgebit,
881 530 936 595 sed
958 530 1053 594 etiam
1074 527 1148 591 hinc
1167 536 1226 611 put(

97 630 266 715 refulgebit
277 631 427 717 operibus
444 632 636 719 quibusdam
647 634 780 719 perditis
795 654 887 697 caeca
899 654 984 695 nunc
999 631 1088 695 tectis
1103 628 1226 712 caligine

548 994 705 1095 Caput
738 995 795 1069 H.

205 1162 265 1230 De
290 1160 676 1243 lexicographorum
702 1159 970 1242 antiquorum
1001 1157 1147 1227 studiis

99 1300 143 1367 in
157 1299 408 1368 onomastica
421 1299 654 1382 similiaque
667 1315 792 1382 opera
807 1297 1019 1368 condenda
1030 1295 1191 1367 directis
1198 1288 1226 1383 1).

183 1445 290 1531 Atque
321 1445 381 1509 hac
412 1467 538 1531 quoque
569 1446 602 1509 in
635 1468 670 1509 re
701 1445 802 1509 facem
835 1443 1069 1531 quodammodo
1102 1439 1226 1529 praetulit

99 1547 386 1613 Alexandrinorum
414 1549 640 1634 antesignanus
671 1547 896 1630 Callimachus,
930 1570 1002 1610 cum
1032 1545 1157 1618 ἐθνικὰς
1177 1544 1226 1607 ὀνοΙ

102 1654 215 1732 μαοίας
238 1651 411 1716 secundum
432 1674 483 1716 res
505 1652 647 1736 digessit.
682 1651 784 1715 Deest
806 1649 935 1736 quidem
955 1649 1065 1713 titulus
1082 1649 1115 1711 in
1131 1646 1226 1713 Suidas

101 1776 233 1840 operum
255 1753 537 1819 Callimacheorum
565 1755 684 1837 indice3
712 1752 769 1818 sed
794 1776 835 1818 ex
856 1752 1022 1817 Athenaeo
1047 1751 1132 1841 ΝΠ,
1155 1748 1226 1837 tila]

101 1857 267 1941 discimus,
300 1857 387 1943 quod
413 1855 574 1922 Bentleius
603 1858 725 1943 primus
753 1854 849 1938 vidit,
880 1854 996 1920 librum
1024 1856 1097 1943 περὶ
1126 1876 1226 1934 μετονο

102 1962 216 2041 μαοίας
231 1960 345 2036 ἰχθύων
359 1968 483 2046 partem
496 1960 595 2025 firisse
610 1960 737 2025 maioris
754 1960 869 2045 operis,
891 1958 980 2020 cuius
999 1955 1109 2021 titulus
1130 1958 1225 2022 ὀόναο

101 2061 315 2149 ὀνομασίαν).
358 2062 397 2126 In
423 2073 575 2149 promptu
603 2064 701 2148 igitur
729 2071 795 2126 erat
824 2062 1003 2125 coniectura
1023 2059 1101 2125 alios
1124 2081 1226 2145 quoqu

101 2164 285 2230 Callimachi
311 2164 408 2230 libros
435 2167 468 2229 in
496 2165 613 2232 Suidae
641 2165 750 2231 tabula
777 2165 933 2228 indicatos
960 2163 1033 2227 huic
1054 2163 1226 2227 ethnicorun

100 2269 264 2333 nominum
286 2270 410 2353 corpori
431 2270 640 2354 assignandos
662 2290 740 2352 esse,
763 2266 850 2332 velut
870 2266 983 2331 libros:
1014 2270 1115 2346 μηνῶν
1137 2281 1226 2351 αροοη

101 2375 204 2459 νορίαο
218 2369 282 2436 κατ’
302 2374 395 2448 ἔθνος
409 2374 462 2436 καὶ
476 2374 589 2455 πόλεις,
605 2374 719 2446 κτίσας
733 2370 834 2451 νήσων
849 2373 901 2434 καὶ
916 2370 1033 2434 πόλεων
1053 2369 1107 2431 καὶ
1129 2387 1226 2446 μετονο

84 2478 221 2556 ,norica
243 2478 389 2564 περὶτῶν
409 2474 440 2539 ἓν
454 2473 585 2558 Εὐρώπῃ
602 2478 758 2555 ποταμῶν,
775 2474 847 2560 περὶ
861 2470 987 2553 ἀνέμων,
1005 2469 1226 2556 desideriunt]

178 2664 205 2732 1)
224 2669 288 2719 Post
301 2668 332 2719 Ε.
346 2669 439 2719 Meieri
457 2671 598 2718 comment.
610 2667 656 2717 VI.
676 2665 709 2715 de
728 2665 875 2717 Andocidis
894 2683 918 2732 q.
938 2683 963 2717 v.
981 2665 1001 2716 f.
1021 2665 1140 2715 oratione
1160 2667 1225 2714 contr

101 2761 186 2811 Alcib.
213 2765 282 2825 part.
308 2761 336 2810 H
359 2766 386 2810 et
408 2761 458 2810 111.
487 2760 543 2811 ind.
571 2758 652 2809 schol.
677 2759 739 2809 Hal.
764 2757 818 2808 hib.
846 2755 945 2818 1842l3
973 2762 999 2806 et
1024 2761 1090 2806 aest.
1117 2755 1184 2804 1843
1210 2774 1226 2796 =

102 2868 193 2917 opusc.
203 2853 240 2916 11,
253 2852 381 2917 imprimis
394 2869 420 2918 p.
433 2851 547 2915 15—36,
561 2851 626 2900 talia
641 2855 831 2914 congesserunt
839 2851 876 2900 M.
888 2849 1006 2900 Schmidt
1016 2849 1124 2910 Quaest.
1134 2845 1226 2912 Hesycl

101 2961 127 3009 p.
148 2943 252 2994 chx.
271 2961 329 3010 sqq.
352 2949 378 2994 et
402 2943 514 2995 Althaur
538 2943 728 3005 Quaestionum
754 2942 786 2991 de
810 2942 872 2991 Iulii
896 2941 1012 2990 Pollucis
1037 2940 1153 2990 fontibus
1178 2953 1226 3004 spot

102 3036 166 3088 diss.
191 3037 277 3088 Berol.
305 3036 383 3086 1874.
415 3062 448 3071 -
481 3036 525 3085 Nil
550 3051 600 3085 nos
623 3035 716 3084 iuvant
740 3034 886 3084 Democriti
916 3032 1060 3083 Abderitae
1085 3038 1111 3083 et
1136 3032 1225 3097 Gorgia

101 3129 228 3181 Leontini
241 3121 421 3196 'Oropuormoi
440 3127 537 3194 [Laert.
558 3128 637 3191 Diog.
656 3127 703 3188 IX,
723 3125 758 3175 48
779 3131 805 3176 et
823 3125 917 3175 Pollux
935 3125 974 3174 IX
992 3122 1086 3189 praet]

176 3220 205 3286 2)
225 3221 266 3271 Of.
286 3220 441 3271 Schneider:
465 3221 557 3284 Progr.
580 3234 670 3284 gymn.
697 3217 775 3269 Goth.
803 3216 887 3280 1862,
913 3217 979 3268 VIII
999 3221 1025 3266 et
1044 3217 1082 3266 IX
1108 3236 1144 3258 =
1169 3213 1224 3265 Call

102 3314 213 3364 mscbea
231 3315 266 3374 Π,
289 3312 331 3364 15.
353 3311 404 3360 169
418 3329 474 3378 sqq.

175 3404 204 3470 3)
223 3406 297 3467 Quae
317 3409 410 3455 contra
428 3407 626 3468 argumentatus
645 3407 686 3452 est
705 3401 850 3452 Schneider
869 3417 901 3451 ex
921 3401 1031 3450 articulo
1055 3401 1153 3451 omisso
1173 3404 1222 3450 ete

101 3514 142 3561 re,
168 3497 237 3563 quod
257 3498 371 3548 sciamus
390 3495 531 3546 nonnullas
550 3511 612 3546 aves
631 3511 647 3544 a
666 3494 829 3545 Callimacho
849 3494 1049 3559 praetermissas
1068 3508 1139 3556 esse,
1164 3490 1221 3541 coni

103 3590 198 3640 debere
223 3589 298 3639 huius
323 3589 382 3639 libri
407 3588 488 3638 multo
513 3587 592 3637 aliam
617 3587 699 3637 fuisse
723 3591 845 3636 naturam
873 3591 952 3651 atque
980 3582 1083 3635 ἐθνικαὶ
1109 3577 1220 3652 ὀνομαοίι

101 3683 242 3747 requirant,
263 3698 310 3747 ego
330 3697 385 3731 non
398 3681 550 3745 amplector.
584 3681 749 3744 Quamquam
763 3680 820 3745 quis
833 3678 941 3743 negabit
959 3675 1020 3746 περὶ
1039 3669 1137 3744 ὀρνέων
1155 3676 1217 3725 librn

103 3779 130 3823 et
154 3777 216 3823 ante
242 3769 298 3823 sev.
324 3767 398 3842 ὀνομ.
426 3773 547 3823 conditas
573 3772 616 3822 edi
644 3788 693 3822 nec
720 3787 845 3837 umquam
873 3771 901 3819 in
931 3785 976 3819 eas
1003 3769 1086 3833 recipi
1113 3768 1219 3833 potuissr

103 3865 214 3916 Constat
238 3864 271 3914 de
296 3865 413 3931 piscibus
438 3865 509 3915 solis.
537 3892 569 3901 -
595 3864 717 3914 Ceterum
744 3863 787 3929 qui
811 3867 905 3927 postea
922 3860 984 3931 περὶ
1003 3855 1118 3928 ἰχθύων,
1143 3853 1218 3930 ὀρνέω

102 3954 203 4027 θηρίων
221 3957 302 4008 libros
321 3957 497 4009 condiderunt
514 3957 679 4023 grammatici
698 3956 793 4005 medici
815 3952 1046 4021 paradoxograpbi
1069 3953 1142 4002 fuere
1166 3950 1217 4000 mul

102 4051 184 4100 Dorio
209 4049 271 4117 περὶ
301 4043 401 4118 ἰχθύων
428 4050 533 4114 scripsit
562 4048 605 4114 [cf.
630 4048 725 4100 Athen.
748 4047 808 4098 VII.
836 4063 876 4096 ex.
902 4062 940 4111 gr.
962 4045 1015 4093 282
1041 4061 1064 4094 c.
1091 4042 1139 4108 e.];
1170 4046 1216 4092 ant

103 4144 245 4198 Clearchus
267 4142 458 4208 Peripateticus
476 4136 606 4212 περὶτῶν
625 4134 741 4210 ἐνύδρων
760 4139 902 4204 scripserat
926 4137 1031 4204 [Athen.
1051 4137 1125 4202 VIII,
1145 4134 1214 4184 332b
