2618 4614
715 186 757 250 90

664 276 812 287 —.-

610 390 784 491 Caput
820 391 867 468 V.

232 557 291 626 De
316 557 488 627 medicis
513 557 866 639 scriptoribusque
893 557 1242 640 opsartyticorum

164 697 205 764 et
231 695 431 765 similium
458 695 682 777 librorum,
710 712 813 778 quos
838 698 1042 765 memorat
1068 695 1303 765 Athenaeus

247 841 316 906 Iam
344 841 385 906 ad
413 851 534 907 certum
562 844 752 929 scriptorum
773 864 884 928 genus,
912 840 998 928 quod
1018 841 1052 904 in
1073 839 1135 904 illis
1157 839 1303 927 capitibus

163 943 341 1010 adhibitum
372 946 567 1027 invenimus,
606 944 782 1009 accuratius
820 943 1069 1010 examinandum
1102 951 1298 1008 transeamus

164 1046 304 1112 medicos
333 1047 403 1111 dico
426 1056 457 1112 et
479 1048 744 1134 opsartyticorum
774 1047 985 1134 similiumque
1007 1045 1095 1111 velut
1116 1045 1156 1112 de
1178 1045 1303 1110 olcn‘bur

164 1150 289 1214 coronis
310 1151 480 1234 unguentis
508 1151 547 1215 al.
570 1149 723 1215 librorum
746 1158 901 1232 auctores,
931 1171 1012 1237 quos
1033 1151 1214 1214 coniunctos
1234 1157 1303 1213 trae

164 1253 278 1318 tandos
300 1276 370 1318 esse
391 1252 483 1318 facile
504 1252 674 1338 intelleget,
704 1253 758 1339 qui
779 1253 967 1336 meminerit,
997 1260 1076 1340 quot
1101 1251 1214 1316 medici
1233 1253 1303 1316 anti

167 1358 221 1442 qui
248 1357 514 1442 opsartyticorum
542 1364 574 1421 et
600 1356 818 1420 conviviorum
848 1355 965 1421 fuerint
991 1357 1182 1439 auctoresl).
1224 1354 1303 1436 Quor

165 1460 336 1545 scriptores
355 1459 486 1544 vulgata
506 1460 541 1522 ni
561 1457 654 1523 fallor
673 1459 779 1546 opinio
802 1467 851 1524 est
870 1480 979 1524 omnes
1002 1457 1043 1524 ab
1057 1458 1220 1524 Athenaeo
1239 1459 1303 1543 ipss

165 1584 235 1627 csse
256 1571 434 1648 excerptos.
479 1561 651 1648 Vulgatam
681 1562 749 1626 dixi
768 1583 834 1626 non
854 1571 930 1647 tam,
959 1563 1034 1649 quia
1055 1585 1113 1649 per
1135 1584 1188 1627 eos
1204 1560 1303 1626 libros

165 1666 220 1751 qui
241 1664 290 1730 his
317 1664 515 1751 temporibus
545 1664 585 1731 de
606 1665 781 1730 medicinae
803 1666 880 1731 artis
907 1665 994 1752 apud
1016 1665 1163 1752 antiquos
1184 1663 1303 1727 historia

167 1769 337 1854 conscripti
367 1777 502 1850 exstant,
533 1768 655 1834 obtinet
675 1809 718 1819 —
740 1791 819 1855 quos
848 1767 908 1832 hac
934 1769 968 1830 in
998 1768 1182 1854 quaestione
1208 1767 1303 1829 minu:

167 1894 242 1936 curo
264 1911 306 1921 —
328 1871 385 1936 scd
413 1873 508 1936 etiam
535 1872 635 1935 critici
664 1873 697 1935 in
719 1894 757 1936 ea
783 1870 825 1936 ad
853 1871 936 1934 hunc
963 1870 1047 1934 diem
1072 1869 1218 1935 videntur
1241 1890 1303 1954 per·

167 1977 330 2059 mansisse,
354 1997 426 2037 cum
440 1996 499 2038 nec
512 1974 666 2056 noverim,
690 1975 745 2061 qui
767 1996 800 2038 se
815 1973 905 2038 aliter
927 1973 1043 2038 sentire
1062 1970 1179 2036 dixerit
1192 1992 1303 2036 causas

167 2100 228 2163 quc
260 2077 459 2164 exposuerit,
496 2085 527 2140 et
558 2075 695 2141 Knaack
726 2077 908 2162 nuperrime
918 2079 944 2162 ²)
978 2076 1140 2162 scripserit
1170 2073 1303 2140 Dioclem

168 2178 350 2264 Caryatium
372 2180 413 2245 ab
427 2179 592 2244 Athenaeo
615 2178 882 2245 csseadbibitum.
919 2179 998 2242 Mihi
1020 2179 1226 2263 gravissimae
1240 2194 1303 2240 suni

170 2280 298 2347 obortae
326 2282 549 2367 dubitationes,
578 2305 656 2346 num
683 2305 816 2347 revera
842 2283 944 2369 ipsius
965 2281 1121 2347 Athenaei
1142 2281 1303 2345 curiositat

168 2383 352 2450 debeantur.
396 2387 535 2451 Exstant
556 2387 589 2449 in
609 2386 659 2449 his
682 2384 831 2472 permulti
853 2386 1022 2472 scriptores
1045 2386 1148 2473 quinti
1166 2394 1197 2449 et
1210 2389 1303 2472 quart

168 2512 196 2553 a.
213 2486 249 2552 O.
264 2511 295 2552 n.
319 2488 449 2552 sacculi:
470 2513 545 2553 num
569 2490 620 2552 cui
641 2499 761 2554 ceteros
783 2489 849 2554 fere
868 2511 976 2553 omnes
997 2488 1090 2552 huius
1113 2489 1223 2554 aetatis
1243 2507 1301 2550 auc

107 2671 109 2674 Α
169 2599 252 2655 tores
274 2600 385 2677 poetas
399 2591 564 2656 historicos
579 2600 719 2658 oratores
740 2591 947 2678 philosophos
969 2592 1135 2677 selegisse
1157 2589 1303 2654 simulant

169 2717 233 2756 non
262 2694 430 2777 credimus,
465 2694 547 2760 solos
577 2696 716 2760 medicos
744 2697 836 2783 quasi
862 2696 964 2782 ipsius
995 2695 1194 2781 provinciam
1225 2691 1303 2757 relin

169 2797 328 2883 quamue?
363 2798 447 2862 Tum
477 2798 605 2863 demum
625 2799 693 2864 veri
719 2797 820 2862 simile
847 2799 906 2862 erit
927 2798 1066 2863 medicos
1088 2797 1130 2862 ab
1151 2796 1303 2861 Athonem

169 2923 240 2965 csse
262 2902 431 2986 inspectos,
454 2900 510 2965 ubi
532 2902 602 2988 quis
621 2901 763 2966 docuerit
784 2909 815 2966 et
828 2901 1029 2966 Athenaeum
1050 2899 1200 2964 historiae
1221 2897 1303 2963 medi

169 3026 280 3067 corum
295 3005 435 3090 artisque
457 3004 631 3069 medicinae
646 3004 751 3068 studio
774 3005 899 3085 arsisse,
920 3025 979 3068 nec
992 3003 1090 3068 fuisse
1104 3000 1231 3086 librum,
1254 3022 1303 3088 qur

169 3108 349 3172 testimonia
375 3107 415 3172 de
437 3106 570 3192 singulis
592 3106 670 3171 cibis
692 3105 875 3192 potionibus
902 3106 1057 3171 similibus
1079 3105 1303 3170 diaeteticorun

170 3210 265 3274 simili
286 3209 451 3295 diligentia
466 3218 617 3294 congesta
636 3211 777 3274 invenire
792 3211 932 3295 potuerit
946 3232 984 3275 ac
1002 3211 1042 3274 de
1057 3207 1191 3294 singulis
1205 3206 1303 3294 glossi

170 3324 201 3377 et
236 3312 386 3394 ὀνόμασιν
422 3313 725 3400 glossographorum
763 3316 1106 3400 grammaticorumque
1140 3319 1303 3376 comment

198 3474 205 3478 -
215 3474 254 3479 -----
260 3474 322 3480 ..-—
328 3474 372 3478 ----
379 3472 621 3480 -—--.---—-——-

245 3562 272 3629 1)
293 3581 333 3615 ox.
353 3580 391 3629 gr.
413 3564 522 3614 Diocles
541 3563 676 3628 Carystius
689 3561 784 3612 Athen.
799 3562 860 3625 XII,
876 3560 928 3609 516
939 3577 962 3611 c.
990 3559 1147 3610 Heraclides
1160 3559 1303 3610 Terentius

170 3656 206 3720 11,
221 3656 255 3705 64
269 3672 310 3706 uo
324 3661 350 3706 ct
362 3657 469 3720 passim.
490 3655 646 3706 Philotimus
658 3654 720 3716 VII,
735 3651 787 3702 308
800 3652 818 3701 f.
843 3653 995 3719 Epaenetus
1016 3653 1053 3716 ΙΙ,
1069 3651 1102 3702 58
1113 3652 1138 3702 b.
1165 3651 1229 3715 XII,
1244 3651 1295 3699 516

171 3754 197 3799 et
216 3750 324 3815 passim.
363 3748 539 3798 Erasistratus
558 3748 616 3812 vn,
636 3748 688 3795 324
704 3762 720 3794 a
740 3751 766 3795 et
785 3746 846 3808 XII,
867 3746 918 3794 516
933 3762 955 3796 e.
994 3746 1045 3808 Qui
1071 3745 1104 3794 de
1127 3745 1273 3809 unguentis
1296 3761 1303 3793 ε

169 3842 275 3893 coronis
294 3841 374 3892 libros
394 3845 598 3906 composuerunt
615 3840 706 3890 Aelius
730 3839 902 3905 Asclepiades
922 3839 978 3902 XV,
993 3836 1046 3884 676
1059 3836 1072 3886 f
1086 3835 1148 3902 [679
1164 3834 1193 3902 b]
1213 3836 1303 3902 Apoll<

206 3948 251 3987 rus
270 3933 323 3984 675
338 3934 375 3985 ef
398 3934 554 4000 Apollonius
574 3932 653 3982 6880
679 3932 831 3982 Philonides
858 3932 909 3980 675
924 3947 940 3980 a
966 3930 1047 3979 6760
1071 3929 1241 3980 Metrodorus
1261 3930 1303 3978 xl]

236 4042 253 4079 s
271 4042 364 4081 omnes
382 4026 506 4077 videntur
524 4025 619 4076 modici
638 4025 727 4075 fuisse.

288 4118 321 4173 in
337 4118 454 4172 Hermae
473 4117 526 4170 vol.
546 4117 636 4168 xvl11
655 4134 680 4187 p.
705 4117 763 4172 148,
