2618 4614
608 284 750 383 A

97 485 339 571 promittuntur:
361 505 447 558 οπως·
461 485 493 550 ἑν
506 488 591 572 τρισὶ
605 489 732 570 βιβλίοις
753 484 988 574 ἑρμηνευμάτων
1010 487 1115 552 πάντα
1137 495 1180 553 τοὶ
1203 523 1207 545 ι

99 609 183 668 ματα
198 586 375 672 συγγράψαι
394 595 426 650 et
446 588 563 667 μηδένα
578 589 696 673 βέλτιον
711 590 785 670 μήτε
800 588 1018 678 ἀκριβέστερον
1034 588 1112 670 πλὴν
1127 591 1204 671 ἐμοῦ
1220 622 1227 646 ι

98 691 183 776 τρισὶ
211 690 338 773 βιβλίοις
372 683 392 753 ά
420 690 609 778 συνέγραψα.
662 691 738 756 1)αο
770 693 947 757 accuratius
978 691 1176 757 indicantur:

97 795 222 879 πρῶτον
242 791 330 855 ἔσται
350 796 406 870 τῆς
426 789 578 879 ἡμετέρας
608 794 770 881 ἑρμηνείας
791 813 799 830 ·
821 795 853 858 έν
872 793 973 880 τούτῳ
997 794 1051 873 μὲν
1072 800 1117 881 τῷ
1142 800 1174 879 βι
1223 823 1228 848 ν

98 897 224 960 πλείονα
246 892 371 980 ῥήματα
392 895 472 958 κατὰ
494 892 582 974 τάξιν
603 899 665 960 τῶν
686 897 848 985 διαφόρων
863 898 1052 982 πραγμάτων
1068 897 1220 978 συνέταξε

98 997 189 1082 ἐντῷ
205 995 338 1082 δευτέρῳ
361 995 397 1060 δὲ
418 994 520 1062 πάντα
540 997 579 1062 τά
603 1000 727 1086 ῥήματα
749 1000 928 1088 συνέγραψα
948 998 1028 1065 κατά
1051 999 1143 1078 τάξιν
1167 1018 1214 1066 στ

97 1100 185 1176 χείων
200 1095 263 1162 ἀπὸ
279 1102 335 1162 τοῦ
351 1096 477 1186 πρώτου
492 1100 673 1188 γράμματος
688 1102 777 1188 μέχρι
790 1107 846 1166 τοῦ
861 1104 1037 1167 τελευταίου
1052 1102 1213 1187 γράμματ

97 1201 150 1266 De
170 1201 263 1265 tertio
284 1198 366 1265 libro
386 1200 464 1265 nihil
485 1202 621 1268 additur.
663 1204 773 1288 Pergit
798 1210 851 1268 νῦν
873 1193 928 1268 οὖν
949 1201 1087 1292 άργομαι
1109 1204 1228 1292 γράφει

96 1305 142 1368 ita
168 1311 205 1367 ut
230 1311 452 1387 exspectemus
479 1303 603 1369 lexicon
631 1305 803 1370 secundum
824 1328 875 1371 res
897 1305 1076 1371 ordinatum
1098 1307 1207 1370 contin
1221 1337 1228 1358 ι

98 1428 168 1471 esse
199 1413 396 1489 secuturum3
426 1428 508 1491 quae
536 1428 609 1492 spes
636 1429 695 1472 nos
723 1408 835 1472 misere
864 1405 957 1471 fallit:
990 1408 1134 1493 sequitur
1163 1409 1222 1474 οὐ

96 1529 181 1572 nova
201 1506 365 1593 praefatio,
392 1529 456 1594 qua
484 1511 680 1575 conversatio
708 1509 865 1575 cotidiana
886 1510 1110 1574 introducitur:
1139 1510 1216 1575 ἐπε

97 1612 218 1691 νηπίοις
232 1610 340 1674 παισίν
360 1658 367 1674 .
385 1658 416 1675 ..
439 1608 550 1675 τούτου
573 1611 671 1677 ἕνεκεν
686 1611 740 1677 διὰ
755 1612 891 1700 βραχέων
913 1614 984 1698 περὶ
1005 1611 1129 1693 ὁμιλίας
1147 1624 1203 1677 κα

99 1716 223 1800 μερινῆς
245 1711 434 1799 συνέγραψα,
457 1708 477 1776 ά
498 1711 729 1796 ὑποτεταγμένα
751 1715 819 1779 εἰσί.
862 1713 1017 1778 Miramur
1037 1723 1135 1796 certe,
1159 1737 1226 1801 qm
1253 1768 1254 1772 ,

99 1836 291 1901 quamquam
306 1822 399 1878 antea
414 1817 454 1880 do
468 1816 569 1881 tribus
583 1816 672 1883 libris
687 1819 1037 1903 interpretamentorum
1057 1837 1161 1880 sermo
1176 1815 1194 1879 f
1225 1847 1229 1859 ·
1252 1843 1254 1845 ·

98 1917 294 1983 conversatio
320 1914 374 1980 illa
400 1917 528 1982 omnino
554 1940 618 1982 non
646 1920 808 1984 nominata
833 1925 926 2005 est¹)‚
956 1941 1036 2004 quae
1057 1926 1166 1982 tamen
1186 1918 1218 1983 h.

97 2019 166 2084 loco
180 2028 217 2083 ut
229 2017 310 2083 liber
323 2019 446 2103 primus
461 2019 500 2084 de
515 2021 688 2105 improviso
703 2019 797 2107 plane
810 2021 929 2087 incidit.
964 2021 1028 2085 Hic
1045 2020 1140 2105 addo,
1163 2045 1185 2109 q
1212 2052 1229 2078 ι»
1251 2046 1252 2051 ’

98 2122 120 2186 f.
146 2121 221 2185 171Γ
242 2128 315 2185 ante
336 2119 469 2186 alterum
490 2119 615 2186 lexicon
636 2122 809 2187 secundum
829 2145 880 2188 res
900 2125 934 2188 in
956 2124 1062 2209 capita
1085 2122 1175 2209 (liges
1218 2155 1227 2179 ι

98 2224 260 2311 legrmtur:
289 2221 414 2288 Graeca
440 2224 524 2289 enim
545 2223 668 2289 Usener
696 2226 851 2290 enotavit:
881 2226 989 2306 ἐπειδὴ
1012 2227 1043 2291 έν
1064 2230 1107 2312 τῷ
1131 2228 1255 2315 πρῶτ’

99 2329 202 2412 βιβλίῳ
216 2330 278 2391 τῶν
292 2325 527 2414 ἑρμηνευμάτων
547 2325 764 2408 ἐπηγγειλάμην
785 2328 962 2412 συγγράψαι
983 2326 1129 2414 ῥημάτων
1151 2335 1212 2394 πολ
1254 2348 1256 2355 ⁴

99 2427 263 2511 πλήθειαν,
289 2433 382 2493 τοῦτο
411 2427 447 2494 τά
478 2431 593 2514 βιβλίον
620 2431 764 2518 δεύτερον
792 2430 880 2494 ἔσται
900 2433 956 2508 τῆς
976 2429 1129 2514 ἡμετέρας
1153 2433 1211 2517 ἑρμ

98 2534 189 2609 νίας.
206 2531 238 2596 ἑν
258 2530 357 2616 τούτῳ
379 2535 422 2617 τῷ
445 2534 548 2616 βιβλίῳ
576 2531 664 2595 ἔσται
689 2531 879 2619 γεγραμμένα
905 2533 978 2615 περὶ
999 2531 1121 2596 πάντων
1148 2556 1214 2620 πρα

20 2658 22 2660 ·
100 2633 222 2715 μάτων,
254 2635 308 2697 καὶ
335 2630 374 2696 τά
403 2632 552 2718 κεῳάλεια
582 2631 686 2697 αὐτῶν
716 2635 769 2695 καί
802 2634 1007 2718 προσηγορίαι
1039 2630 1142 2696 αὐτῶν
1174 2635 1232 2699 ἑνὸ

100 2735 234 2801 ἑκάστου
257 2785 264 2801 .
287 2740 339 2798 νῦν
361 2723 416 2798 οὖν
438 2731 577 2822 άρξομαι
596 2732 735 2821 γράφειν.
784 2732 919 2797 Videtur
944 2733 1023 2799 haec
1044 2754 1116 2796 oum
1137 2736 1228 2818 prior

98 2838 292 2925 praefatione
308 2835 490 2919 cohaerere3
504 2835 637 2901 redeunt
651 2831 757 2916 ἐπειδὴ
772 2834 776 2918 Ι
789 2835 966 2922 συγγράψαι
979 2837 983 2921 Ι
997 2835 1140 2923 ῥημάτων
1151 2843 1213 2901 πολ

98 2940 234 3021 πλήθεια
253 2940 257 3027 Ι
277 2939 421 3026 δεύτερον
443 2937 589 3025 [πρῶτον]
606 2938 694 3003 ἔσται
714 2942 775 3022 Ιτῆς
795 2935 946 3026 ἡμετέρας
968 2938 1130 3024 ἑρμηνείας
1149 2939 1154 3024 Ι
1174 2960 1232 3022 πει4

99 3042 285 3133 πραγμάτων
302 3043 307 3127 ί
325 3044 378 3104 νῦν
400 3028 455 3104 οὖν
477 3036 614 3126 άρξομαι
634 3040 773 3127 γράφειν.
816 3039 883 3105 Nec
904 3041 981 3104 mihi
1002 3039 1144 3124 dubium,
1168 3045 1222 3128 qu'

98 3145 204 3212 verbis
227 3141 332 3223 ἐπειδὴ
347 3143 379 3208 έν
392 3147 435 3228 τῷ
451 3140 564 3228 πρώτῳ
581 3144 684 3228 βιβλίῳ
698 3146 761 3206 τῶν
775 3141 1011 3228 ἑρμηνευμάτων
1027 3144 1209 3224 ἑπηγγειλάμ

98 3247 255 3334 relegetur
275 3246 373 3312 lector
393 3243 435 3309 ad
456 3245 595 3330 priorem
612 3243 911 3329 praefatiunculam
933 3245 1021 3310 ouius
1035 3245 1134 3310 verba
1149 3268 1205 3332 qu
1221 3277 1238 3303 ι

98 3349 181 3415 male
201 3347 391 3413 intellexerit
411 3357 521 3412 auctor
541 3354 645 3432 patet:
662 3345 726 3410 illic
747 3348 831 3412 enim
852 3348 1044 3432 promissum
1059 3356 1127 3412 erat
1141 3349 1232 3432 prim

98 3451 178 3517 libro
187 3451 213 3536 ¹)
229 3449 353 3516 lexicon
368 3449 542 3515 secundum
552 3470 603 3514 res
619 3449 798 3515 ordinatum
812 3450 1027 3534 conscriptum
1041 3449 1089 3532 iri,
1106 3449 1239 3514 secund

99 3552 271 3618 secundum
286 3551 455 3617 elementa:
470 3572 554 3615 nunc
569 3550 703 3615 alterum
717 3549 842 3617 lexicon
856 3552 890 3614 in
901 3552 1006 3637 capita
1019 3551 1179 3636 digestum
1192 3552 1230 3615 ad

99 3656 245 3721 nectitur.
259 3655 371 3741 Itaque
382 3654 574 3740 quicumque
584 3653 663 3719 haec
673 3655 808 3739 scripsit,
815 3652 1229 3740 interpretamentorumin‘

99 3779 185 3822 mam
198 3765 344 3822 naturam
358 3755 457 3821 multo
468 3757 564 3821 etiam
576 3757 679 3819 minus
690 3765 890 3841 perspectam
901 3756 1013 3821 habuit
1024 3777 1121 3842 quam
1131 3755 1240 3843 prioris

174 4092 202 4159 1)
222 4093 276 4146 Sed
295 4093 329 4144 ol.
349 4110 417 4160 quae
435 4095 505 4145 infre
523 4109 550 4159 p.
572 4094 604 4143 19
623 4095 755 4160 leguntur.

172 4183 201 4252 λ)
222 4185 276 4238 Sed
294 4187 328 4239 cf.
345 4186 414 4240 intra
431 4203 457 4254 p.
480 4187 512 4235 19
526 4201 564 4250 sq.
