2618 4614
546 198 692 300 ..J-9—

53 420 117 463 nem
130 398 318 465 solvendam
333 402 521 467 existimem.
567 400 737 487 Oportebit
757 403 855 488 igitur
874 402 1013 488 primum
1036 425 1089 467 eas
1103 402 1200 467 Athe-

55 501 116 567 naei
135 510 248 588 partes
268 502 400 569 indicari
422 514 454 571 et
474 506 699 589 circumscribi,
722 504 762 570 de
785 505 900 591 quibus
922 504 1062 569 dubitari
1079 506 1198 592 nequit,

94 603 101 618 ‘
143 602 372 693 lexicographo
394 607 488 673 alicui
515 609 699 692 debeantur,
728 607 759 672 h.
782 630 808 673 e.
837 608 871 670 in
900 607 1015 693 quibus
1044 609 1140 688 λέξεις
1168 617 1201 673 et

60 710 183 789 Μοοαι
206 707 326 775 multae
346 711 381 774 in
401 733 501 777 unum
523 721 692 799 congestae
713 719 841 776 exstant
861 719 988 796 praeter
1008 735 1062 777 eas
1082 719 1198 798 partes,

58 830 130 897 ,quae
143 809 186 875 ad
199 808 316 896 lyricas
330 815 468 879 musicas
484 817 643 880 scaenicas
658 838 708 880 res
724 821 878 901 spectant,
901 813 940 876 de
956 813 1071 899 quibus
1086 814 1199 878 Ervini

99 910 163 977 hdii
177 921 210 978 et
226 912 332 979 Caroli
345 915 463 1002 Bappii
478 940 576 1005 opera
591 926 714 982 constat
735 916 829 982 aliam
848 939 917 982 esse
932 918 1150 1002 quaestionem
1162 918 1198 1003 ¹).

57 1012 159 1101 itaque
188 1017 379 1102 quibuscum
407 1019 486 1084 mihi
512 1043 581 1086 rem
609 1031 687 1108 puto
717 1044 786 1087 esse
807 1019 964 1085 Athenaei
990 1020 1095 1106 capita
1121 1019 1199 1084 haec

54 1114 114 1183 'iero
132 1128 223 1183 sunt:

59 1217 136 1285 Libri
155 1222 269 1307 primi:
291 1223 378 1311 47²).
400 1226 442 1290 48
450 1227 487 1312 ³).
510 1226 668 1315 neq-61
683 1231 709 1311 ⁵)
732 1226 772 1291 de
793 1227 885 1291 vinis.

57 1322 135 1389 Libri
156 1324 304 1390 secundi:
335 1328 398 1415 1⁰).
428 1330 527 1395 6-11
559 1332 703 1417 pergitur
732 1328 771 1393 de
799 1329 881 1394 vinis
890 1331 915 1414 ⁷)
945 1325 997 1392 vel
1024 1327 1130 1414 potius
1158 1325 1198 1390 de

170 1429 365 1515 potionibus.

119 1710 146 1777 1)
164 1712 262 1764 Libros
283 1714 342 1766 dico
362 1716 471 1767 Rohdii:
499 1718 548 1783 ,de
566 1717 627 1767 Iulii
646 1717 763 1767 Pollucis
781 1717 809 1765 in
829 1720 959 1782 apparatu
978 1716 1100 1766 scaenico
1121 1730 1197 1764 enar-

52 1802 128 1853 rando
155 1803 301 1858 fontibus“.
338 1808 446 1874 Lipsiae
470 1808 554 1872 187ος
578 1810 687 1874 Bappii:
715 1809 764 1875 „de
789 1808 906 1859 fontibus
931 1808 1025 1874 quibus
1044 1806 1197 1857 Athenaeus

51 1894 75 1945 in
95 1896 175 1946 rebus
199 1899 309 1950 musicis
331 1899 471 1966 lyricisque
496 1901 650 1952 enarrandis
675 1917 738 1952 usus
762 1897 822 1950 sit“.
851 1900 960 1964 Lipsiae
981 1898 1050 1946 1885
1076 1897 1155 1964 [inest
1169 1900 1198 1948 in

51 1987 112 2038 stud.
131 1989 208 2055 Lips.
226 1991 280 2041 vol.
296 1989 383 2057 VIII].
419 1993 640 2059 Distinguendum
663 1994 800 2043 didicimus
825 1994 854 2041 in
872 1991 913 2042 his
930 1991 1061 2042 Athenaei
1079 1992 1197 2057 partibus

52 2078 113 2130 iuter
130 2081 282 2133 Aristoclea
300 2083 433 2149 Didymen
451 2085 641 2151 Tryphoniana
661 2091 687 2137 et
706 2101 738 2136 ea
757 2100 825 2151 quae
844 2084 926 2134 Iubae
947 2083 1082 2147 debentur,
1102 2083 1197 2149 quibus

53 2171 121 2238 ltapp
141 2176 325 2240 quaestionem
345 2176 378 2226 de
390 2177 466 2228 Aelio
479 2178 608 2244 Dionysio
628 2178 734 2241 adiecit,
755 2192 891 2243 perquem
906 2175 1055 2227 Aristoclea
1066 2176 1198 2240 Didymea

56 2268 78 2314 st
92 2263 175 2316 lubae
195 2261 321 2336 θεατρικὴ
342 2267 444 2341 ἱστορία
461 2270 599 2321 Athenaeo
625 2271 797 2320 innotuerint.
843 2269 903 2319 Non
926 2267 978 2318 hoc
1003 2269 1063 2319 loco
1087 2283 1196 2333 possum

55 2354 114 2407 hacc
139 2358 299 2424 diiudicar03
328 2361 356 2410 in
380 2362 537 2428 quibusdam
556 2362 688 2412 Athenaei
712 2362 785 2426 locis,
815 2377 925 2427 quorum
944 2376 1026 2410 unum
1045 2365 1139 2424 postea
1157 2361 1198 2409 in-

57 2448 151 2516 dicabo,
169 2451 235 2502 mihi
249 2453 370 2518 persuasi
381 2454 475 2504 Iubam
493 2456 580 2520 ipsum
593 2455 693 2506 fontem
713 2470 779 2504 esse.
809 2453 886 2515 Quod
899 2469 961 2502 vero
982 2456 1096 2503 statuere
1110 2453 1197 2502 solent

58 2544 99 2593 viri
116 2543 187 2595 docti
204 2545 301 2597 Iubam
319 2560 337 2595 a
354 2545 470 2611 Didymo
495 2563 553 2597 esse
579 2547 734 2608 adhibitum,
758 2561 852 2597 vereor
876 2561 909 2595 ne
928 2545 995 2595 Iuba
1013 2545 1099 2594 minus
1118 2545 1197 2595 fuerit

58 2634 85 2700 b,
106 2637 149 2702 qui
167 2652 185 2687 a
203 2636 290 2688 doctis
308 2639 503 2703 compilaretur,
529 2654 607 2705 quam
628 2639 672 2704 qui
690 2640 746 2704 ipse
768 2638 930 2703 compilarat,
954 2637 1057 2687 collatis
1077 2653 1144 2702 quae
1165 2638 1197 2687 de
1221 2644 1223 2649 '

62 2726 252 2795 ,nahasologia
270 2729 408 2781 Romana“
430 2732 520 2783 docuit
538 2731 673 2796 Kiessling
691 2731 720 2780 in
738 2731 806 2780 Mus.
826 2729 875 2779 Rh.
896 2730 997 2792 XXIII,
1019 2729 1070 2776 672
1085 2745 1123 2795 sq.

121 2819 150 2885 2)
168 2821 201 2870 In
223 2820 276 2872 hoc
301 2838 360 2888 cap.
384 2823 565 2889 epitomatcris
589 2823 759 2888 neglegentia
784 2821 880 2871 medici
899 2821 995 2871 veteris
1016 2822 1196 2872 testimoninm

61 2910 150 2962 videtur
168 2913 307 2965 excidisse.

122 3002 150 3069 3)
174 3005 292 3057 Galenus
320 3010 390 3057 certe
417 3011 447 3057 ut
474 3007 542 3057 solet
569 3006 640 3072 apud
667 3006 762 3057 Athen.
791 3005 888 3055 medici
916 3006 1012 3055 veteris
1040 3005 1196 3055 auctoritate

61 3094 123 3145 nima
139 3102 203 3148 erat.

123 3189 150 3251 4)
169 3189 334 3256 Quamquam
346 3190 374 3239 in
390 3189 498 3240 sle-sa
512 3206 615 3256 quoquc
629 3197 697 3253 sunt,
718 3206 785 3256 quae
798 3190 832 3240 ab
844 3189 940 3241 Athon.
954 3188 1110 3252 abiudicem,
1124 3189 1196 3238 velut
1225 3182 1227 3186 ⁴

62 3276 111 3328 illi
122 3279 239 3332 Phaniae
257 3282 437 3333 testimonium
457 3288 483 3334 et
497 3282 541 3333 fin.
556 3283 598 3335 54.
638 3282 691 3333 Sed
709 3283 737 3333 in
757 3282 911 3348 quaestione
929 3297 979 3346 per
997 3297 1025 3331 sc
1040 3280 1195 3331 difficillima

62 3371 162 3436 epitome
179 3374 289 3439 insuper
310 3375 394 3425 obest.
1056 3374 1062 3389 ’

122 3464 150 3528 b)
171 3465 311 3532 Sophoclis
330 3483 428 3531 versus,
455 3467 583 3533 aquibus
603 3483 661 3534 cap.
683 3468 717 3517 60
742 3467 844 3532 incipit,
869 3466 1001 3531 verbaque
1022 3465 1054 3514 de
1073 3465 1148 3514 Iolao
1169 3470 1195 3514 et

61 3570 151 3606 tarsum
175 3559 204 3608 in
229 3557 280 3608 fine
305 3560 400 3623 capitis
426 3560 544 3610 additum
571 3561 603 3610 ab
631 3559 794 3610 onomastico
814 3559 837 3608 si
855 3557 943 3624 placet
965 3556 1082 3607 adhibito
1102 3557 1195 3621 procul

60 3644 184 3700 habendos
210 3665 268 3701 esse
294 3652 379 3716 quivis
402 3652 482 3702 videt.
527 3652 625 3703 Omitto
649 3652 715 3701 talia
739 3666 846 3700 monere
866 3651 894 3699 in
914 3651 951 3700 eis
976 3665 1042 3715 quaa
1062 3654 1194 3699 secuntur.

57 3738 210 3807 lithopoeiae
228 3747 290 3793 sunt
308 3744 341 3794 ab
354 3743 493 3794 Athenaeo
507 3744 649 3808 adhibitae,
670 3759 735 3810 quas
748 3744 824 3794 nobis
843 3757 898 3793 uon
916 3742 1010 3791 invidit
1029 3743 1194 3807 epitomator‚

55 3834 157 3886 nnerae
175 3835 310 3901 reliquiae.

118 3927 148 3994 6)
169 3927 242 3977 2-4
261 3927 383 3993 florilegii
401 3936 523 3979 naturam
542 3945 605 3996 prae
625 3945 653 3978 se
672 3929 759 3979 lerunt
778 3927 853 3994 quasi
872 3943 904 3977 ex
920 3927 1007 3992 capite
1026 3926 1114 3992 aliquo
1133 3924 1195 3997 περὶ

50 4014 116 4071 οἴνου
137 4014 262 4090 χρήσεως
281 4020 427 4085 desumpta.

115 4110 147 4178 t)
168 4111 203 4162 cf.
222 4113 260 4163 in.
282 4112 314 4160 13
333 4111 450 4163 τοσαῦτα
470 4106 695 4181 οἰνολογήσαντος,
713 4105 898 4180 λαφύσσοντος
918 4107 995 4161 οἴνων
1014 4102 1143 4176 ὀνόματα.
