2618 4614
673 195 716 259 48

621 285 769 294 ——-——

121 396 225 484 τικάῑ)
247 398 280 460 in
301 397 410 475 λέξεων
431 417 545 481 corpus
567 399 687 482 recepit
697 399 733 484 ²),
762 420 822 463 nec
853 395 1103 461 obhviscendum
1126 405 1176 461 est
1200 420 1211 461 e

121 501 360 586 grammaticam
381 499 534 563 rationem
557 539 600 547 -
619 508 656 563 ut
670 499 880 564 Callimachus
896 498 936 562 ad
954 500 1059 586 pisces
1081 508 1113 564 et
1136 522 1208 564 aves

121 603 163 668 ad
190 611 292 667 totum
314 601 494 665 Aristotelis
521 599 560 664 de
582 600 713 667 historia
741 602 924 667 animalium
955 624 1036 688 opus
1064 600 1211 666 transtuli

205 705 271 770 Nec
300 704 476 788 defirerunt,
506 705 561 790 qui
581 705 769 790 magistrum
797 707 830 769 in
851 706 901 771 his
931 704 1042 769 studiis
1066 726 1211 790 sequerer

122 808 277 894 discipuli.

204 910 425 975 Artemidorus
435 911 462 997 ³)
493 910 576 974 enim
604 909 699 975 modo
728 911 981 997 Aristophaneus
1011 909 1107 974 modo
1136 909 1211 974 Pseu

121 1012 379 1100 ristophaneus4)
396 1013 635 1098 cognominatus
652 1012 826 1078 secundum
841 1013 1040 1077 Athenaeum
1056 1011 1209 1098 ὀψαρτοτι

121 1256 245 1325 γενέσεως
262 1258 306 1309 καλ
326 1251 462 1326 αὐξήσεως
475 1249 536 1330 ἄχρι
548 1251 642 1330 γήρως,
661 1261 706 1311 ubi
718 1260 812 1311 Valck.
829 1277 877 1325 pro
886 1253 1047 1331 Ἀρίστωνος
1060 1253 1211 1330 Ἀριστοφάι

121 1352 268 1417 proposuit.
307 1349 340 1399 cf.
360 1351 402 1401 Et.
423 1350 491 1401 Gud.
514 1349 574 1400 124.
611 1352 706 1402 Nauck
725 1353 793 1404 Mus.
813 1353 862 1406 Rh.
882 1354 928 1418 VI,
949 1368 975 1418 p.
996 1351 1059 1403 338.

198 1441 225 1508 1)
244 1442 365 1492 Fresenii
390 1443 558 1493 coniecturae
584 1444 606 1492 si
632 1459 734 1494 mecum
761 1444 839 1495 fidem
864 1444 955 1495 habes.
1000 1443 1033 1499 cf.
1057 1460 1103 1509 pp.
1126 1446 1156 1492 11
1182 1448 1204 1492 et

122 1535 229 1587 Nauck:
254 1532 316 1584 Mel.
341 1532 526 1585 (imao-Rom.
552 1535 608 1598 111,
637 1536 688 1584 172
709 1553 747 1603 sq.
778 1537 904 1602 cogitarit
930 1536 962 1586 de
988 1551 1124 1586 servorum
1157 1536 1211 1585 dem

122 1628 287 1678 nationibus:
307 1619 415 1678 δουλικὰ
428 1618 547 1695 ὀνόματα
561 1627 697 1679 vocandis.
709 1657 745 1663 -
755 1627 878 1679 Ceterum
891 1622 1022 1699 συγγενικὰ
1037 1643 1143 1694 quoque
1156 1620 1211 1694 ὀνόμ

122 1722 150 1770 in
169 1720 196 1771 ll.
213 1736 275 1770 mss.
295 1719 405 1770 seorsim
425 1722 552 1784 congesta
571 1720 801 1783 circumferuntur3
820 1721 933 1771 velutin
947 1719 1039 1784 Gyrilli
1053 1724 1104 1772 cat.
1121 1719 1209 1770 biblii

122 1831 148 1879 p.
169 1812 222 1862 300
249 1811 286 1877 [ΙΙ
308 1812 333 1861 D
353 1809 470 1860 31-32.
496 1811 604 1862 membr.
631 1828 701 1863 saec.
721 1813 778 1864 XV.
805 1811 844 1878 8⁰]
872 1813 985 1862 occurrit
1013 1827 1141 1877 „parvum
1166 1811 1211 1861 dict

122 1921 219 1956 vocum
238 1903 394 1954 affinitatem
413 1907 439 1952 et
459 1903 646 1967 cognationem
664 1902 836 1955 indicatium“
857 1904 892 1955 al.

197 1996 226 2062 2)
245 1997 306 2047 Non
324 2010 387 2045 curo
406 1994 449 2044 hic
464 1988 777 2060 Aristophanis'Asuadg
792 1992 874 2058 λέξεις
894 1993 937 2061 [cf.
951 1993 1047 2044 Nauck
1061 1994 1078 2044 l.
1088 1994 1107 2045 l.
1124 1992 1211 2042 let-1

125 2093 151 2140 et
169 2080 319 2149 Λακωνικὰς
337 2080 455 2151 γλώσσας
474 2085 578 2152 [Nauck
600 2085 751 2152 188-190,
770 2088 878 2138 Fresen.
901 2088 942 2137 19.
958 2086 992 2134 22
1006 2102 1072 2152 sqq,
1091 2086 1152 2136 illas
1171 2085 1211 2151 qul

124 2197 141 2231 a
159 2180 262 2231 Rohdio
280 2197 308 2246 p.
329 2179 371 2243 16,
390 2178 452 2230 adn.
476 2181 498 2243 l,
519 2180 551 2230 de
570 2184 626 2231 toto
649 2179 834 2245 Aristophanis
852 2175 947 2239 λέξεων
967 2193 1055 2244 opere,
1075 2193 1131 2227 non
1151 2177 1211 2240 dep

123 2269 298 2336 intellectas]‚
324 2287 389 2337 quas
414 2256 487 2324 mera
512 2272 665 2323 coniectura
689 2269 784 2332 λέξεων
803 2272 907 2336 corpori
928 2271 1081 2333 tribuimus;
1107 2285 1158 2318 nec
1181 2282 1211 2317 nu

125 2381 190 2433 quas
208 2364 318 2415 infuisse
344 2366 473 2430 excerptis
499 2364 602 2414 collatis
616 2345 732 2414 'constat
753 2363 870 2429 glossas,
897 2379 965 2430 quae
984 2367 1047 2412 sunt
1065 2353 1211 2427 daonreudp

87 2508 90 2514 .
126 2451 160 2527 μὴ
180 2452 307 2526 εἰρῆσθαι
327 2458 384 2517 τοῖς
406 2452 539 2517 παλαιοῖς.
586 2456 619 2505 In
644 2455 685 2506 his
711 2457 782 2505 enim
807 2455 980 2521 congerendis
1005 2469 1061 2504 non
1086 2453 1115 2503 id
1140 2455 1211 2518 spect

124 2549 324 2616 grammaticus,
361 2545 554 2597 cohaereantne
589 2549 751 2613 argumentis
784 2548 854 2598 inter
882 2564 911 2598 se
940 2563 1037 2610 necne,
1074 2544 1123 2594 sed
1151 2543 1211 2593 diale

37 2638 38 2642 ’
125 2642 318 2707 scriptoresque
347 2639 419 2690 solos
448 2640 572 2705 respexit.
623 2639 718 2706 Capita
747 2655 809 2690 vero
837 2638 898 2709 περὶ
925 2630 1141 2709 προσφωνήσεοιν
1166 2637 1211 2684 inu

125 2733 186 2804 περὶ
204 2728 317 2785 παιδιῶν
336 2736 363 2782 et
380 2730 440 2802 περὶ
460 2728 645 2801 βλασφημιῶν,
665 2747 731 2797 quae
752 2731 872 2782 Suetonii
891 2735 967 2794 sunt,
994 2729 1063 2779 falsa
1080 2728 1211 2779 Nauckiir

124 2827 225 2876 iectura
242 2823 427 2889 Aristophanis
453 2824 527 2888 operi
551 2823 658 2873 addicta
683 2838 741 2873 esse
766 2823 908 2874 Fresenius
935 2823 1013 2872 evicit
1036 2837 1082 2886 pp.
1102 2820 1146 2870 23.
1166 2819 1196 2868 72

126 2919 221 2969 Nauck
238 2921 406 2983 persuaserat
423 2914 647 2966 Reifferscheidio.
686 2914 720 2965 cf.
740 2914 769 2966 O.
787 2915 908 2966 Suetonii
926 2913 1073 2979 Tranquilli
1092 2911 1211 2978 praeteri

126 3027 214 3062 sarum
232 3011 313 3061 libros
332 3009 406 3074 reliq.
426 3007 488 3058 add.
508 3025 534 3074 p.
554 3007 652 3059 XVIII.

200 3102 229 3168 3)
249 3103 414 3167 Quamquam
432 3100 504 3151 haud
522 3100 613 3150 nescio
633 3115 683 3150 nec
703 3098 819 3164 epitheto
835 3091 1055 3168 Ἀριστοφάνειος
1078 3114 1130 3148 nec
1154 3097 1211 3160 ullo.

126 3211 197 3246 nunc
217 3194 336 3258 estatio
356 3197 510 3257 argumento
530 3192 617 3243 evinci
635 3206 714 3256 posse
734 3207 794 3241 eum
807 3189 1010 3255 Aristophanem
1029 3191 1116 3255 ipsum
1136 3189 1211 3239 audiu'

125 3289 166 3338 De
186 3292 273 3338 aetate
292 3288 348 3336 eius
367 3285 443 3336 intra.

199 3376 229 3442 4)
249 3378 281 3430 cf.
301 3377 399 3428 Athen.
419 3377 447 3440 Ι,
467 3377 516 3428 ὄλ).
537 3374 616 3442 [unde
636 3375 732 3427 Suidas
751 3391 772 3426 s.
792 3392 818 3426 v.
838 3369 1004 3442 Τιμαχίδαςλ.
1043 3373 1114 3437 XIV,
1135 3371 1211 3420 send·

127 3471 179 3520 663
191 3487 213 3522 c.
226 3471 251 3520 d.
279 3497 311 3506 -
337 3470 408 3520 Male
436 3485 495 3519 eum
514 3469 545 3520 R.
565 3468 696 3520 Schmidt:
722 3467 755 3517 de
775 3466 924 3517 Callistrato
943 3464 1078 3529 Aristoph.
1104 3480 1131 3529 p.
1152 3464 1199 3511 311

125 3560 229 3628 Nauck]
253 3562 480 3627 Opsartyticorum
509 3561 663 3626 scriptorem
692 3560 812 3610 nominat
837 3563 864 3608 et
888 3555 1157 3621 Pseudaristophanei
1180 3554 1202 3603 ei

127 3656 210 3706 ditum
235 3671 293 3706 esse
313 3659 517 3720 cognomentum
545 3658 695 3719 „tamquam
714 3651 828 3702 convicii
846 3647 952 3700 notam“
973 3653 1002 3698 ut
1021 3648 1148 3712 magistro
1167 3644 1211 3695 ind

127 3749 243 3811 censuit3
262 3763 312 3798 nec
330 3747 406 3796 aliter
418 3745 513 3797 Nauck
525 3762 552 3810 p.
568 3744 596 3793 I:
618 3759 712 3810 „quem
731 3743 856 3808 magistro
875 3742 1014 3806 indignum
1032 3736 1211 3790 iudicatnmfu

128 3841 244 3892 ostendit
261 3837 529 3904 Pseudaristophanei
549 3851 696 3903 cognomen
716 3851 732 3884 a
749 3835 881 3886 veteribus
901 3834 925 3883 ei
944 3830 1083 3884 inditum“.
1121 3824 1210 3896 Egoll

128 3925 331 4003 αριστοφάνειος
357 3930 413 3981 llud
439 3946 494 3980 non
519 3945 629 3994 possum
654 3928 785 3993 explicare
814 3927 866 3977 nisi
889 3926 939 3976 hoc
965 3925 1060 3976 modo:
1089 3924 1152 3973 Fuit
1175 3919 1211 3971 An'

127 4025 290 4091 phaneorum
318 4020 418 4094 αἵρεσις
446 4037 530 4088 aeque
559 4029 638 4087 atque
661 4018 887 4070 Aristarcheorum
914 4018 943 4067 in
970 4032 1062 4067 museo
1087 4012 1202 4067 Alexand

128 4116 309 4168 Orateteorum
327 4115 458 4180 Pergami.
495 4114 622 4164 Novimus
641 4111 850 4177 Aristophaneos
873 4111 979 4176 proprie
999 4110 1082 4160 dictos
1099 4108 1196 4159 Callisti
