2618 4614
657 213 699 276 46

102 423 187 479 certo
208 422 314 500 potest
334 415 444 480 referri
455 416 490 502 ¹).
535 413 684 480 Ceterum
712 439 750 481 ea
772 438 898 502 quoque
920 416 1064 502 quaestio
1086 413 1241 499 movenda,

101 526 207 581 utrum
235 517 445 583 Callimachus
471 517 569 582 libros
596 517 666 582 illos
694 519 764 604 ipse
793 518 934 603 singulos
964 519 1113 600 ediderit,
1144 526 1241 603 postea

100 619 234 685 fortasse
266 629 394 686 auctore
420 629 544 685 mortuo
573 622 606 685 in
641 644 739 684 unum
772 643 887 706 corpus
920 629 1104 705 congestos,
1139 642 1180 684 an
1209 618 1240 683 ab

99 722 189 787 initio
216 723 380 789 consilium
408 722 554 788 habuerit
581 724 701 809 grande
728 725 858 789 ἐθνικῶν
880 722 1056 805 ὀνομασιῶν
1079 746 1162 810 opus
1182 745 1240 787 con·

101 824 185 890 dere.
221 825 379 913 Equidem
400 824 479 889 illud
499 826 700 892 verisimilius
723 849 850 910 cense03
873 826 928 891 sed
951 834 1001 891 sat
1022 835 1071 892 est
1092 827 1239 890 monuisse

99 951 119 992 a
134 927 326 993 Callimacho
348 930 482 1015 piscium
498 930 606 993 avium
620 939 787 995 ventorum
802 930 958 994 mensium
973 928 1151 993 insularum
1164 929 1238 1013 oppi·

99 1029 213 1093 dorum
234 1030 518 1111 denominationes,
545 1055 626 1118 quae
652 1034 840 1098 exstiterunt
859 1031 946 1118 apud
968 1030 1111 1097 diversas
1132 1041 1236 1115 gentes,

102 1142 268 1218 congestas
293 1135 435 1221 fuisses).
580 1147 581 1150 ’

184 1235 334 1301 Ceterum
344 1238 459 1322 nescio,
473 1259 535 1323 quo
546 1239 615 1302 iure
628 1237 801 1303 Schneider
811 1261 843 1323 p.
858 1239 897 1302 15
906 1260 953 1324 sq.
965 1245 997 1302 et
1013 1237 1071 1302 169
1083 1235 1235 1301 contendat

175 1460 203 1528 1)
222 1464 314 1515 Potest
332 1465 383 1516 huc
402 1467 521 1517 revocari
539 1468 582 1516 Et.
595 1467 631 1517 M.
653 1466 714 1531 278,
735 1464 778 1517 28.
801 1493 833 1502 —
854 1467 916 1515 'Iria
935 1464 1019 1531 fragg.
1039 1463 1167 1516 habemus
1185 1466 1234 1528 eius,

15 1626 17 1630 Ι
101 1555 145 1620 qui
158 1554 268 1606 Caecilii
280 1557 392 1608 rhetoris
412 1563 499 1609 aetate
517 1557 578 1630 περὶ
596 1556 647 1610 τῶν
660 1553 795 1628 Ἀθήνησι
814 1556 901 1627 μηνῶν
913 1559 1030 1623 scripsit,
1051 1557 1233 1623 Lysimachidis.

101 1647 135 1697 cf.
163 1648 293 1714 Harpocr.
324 1665 345 1700 s.
373 1667 416 1701 vv.
445 1647 650 1722 Μαιμακτηριῶν
679 1644 867 1716 Μεταγειτνιών
895 1647 997 1720 Σκίρων.
1043 1651 1129 1712 Quam
1157 1648 1234 1699 diversi

100 1738 151 1789 hoc
172 1756 238 1805 opus
255 1741 337 1792 fuisse
357 1747 478 1807 oporteat
497 1745 610 1808 consilii,
630 1760 684 1794 non
704 1749 745 1794 est
763 1760 810 1795 cur
828 1759 959 1795 moneam.

175 1831 204 1897 2)
223 1832 309 1898 Prope
334 1835 438 1884 accedit
465 1834 499 1884 ad
525 1834 729 1900 Callimachum,
757 1835 950 1901 geographicos
978 1834 1059 1884 libros
1088 1835 1111 1884 si
1139 1837 1233 1899 spectas,

100 1923 218 1989 aequalis
241 1929 268 1974 et
292 1919 420 1995 ηνῶριμος
440 1926 544 1992 [Athen.
563 1928 643 1992 VIII,
665 1925 751 1993 sard]
774 1926 996 1993 Philostephanus
1016 1926 1180 1992 Cyrenaeus,
1202 1924 1234 1990 qui

30 2042 32 2046 ·
101 2031 167 2080 opus
185 2012 315 2084 περὶτῶν
334 2013 361 2067 ἐν
375 2015 405 2087 τῇ
420 2011 499 2087 Ἀσίη
518 2011 622 2070 πόλεων
641 2024 667 2070 et
685 2019 797 2070 fortasse
810 2018 871 2090 περὶ
883 2013 969 2085 νησων
981 2018 1109 2069 condidit.
1139 2017 1233 2091 [Servius

101 2107 167 2160 Aen.
182 2107 204 2172 1,
222 2109 283 2159 200.
303 2110 385 2174 Harp.
400 2126 420 2160 s.
434 2126 460 2160 v.
480 2105 602 2181 Στρύμης
616 2104 795 2180 Ἡρακλείδης
813 2101 830 2179 ἦ
852 2108 928 2175 Φιλ.].
972 2111 1013 2160 De
1032 2110 1073 2161 his
1092 2110 1170 2160 rebus
1186 2124 1233 2173 geo·

99 2201 231 2266 graphicis
250 2201 332 2253 libros
351 2217 510 2267 componere
528 2203 591 2253 inde
607 2220 640 2254 ex
658 2203 802 2254 Alexandri
820 2203 912 2268 Magni
936 2207 1023 2252 aetate
1043 2218 1136 2254 omnes
1155 2202 1233 2252 scimus

100 2294 299 2344 usitatissimum
327 2293 417 2344 fuisse.
467 2295 660 2345 Historicorum
689 2296 827 2360 operibus,
858 2296 902 2361 qui
929 2295 1039 2345 nomina
1066 2300 1160 2360 postea
1186 2307 1233 2342 eon-

98 2391 236 2450 gesserunt
263 2387 399 2437 fluminum
428 2388 556 2437 montium
589 2389 708 2452 gentium
737 2393 786 2438 etc.
815 2387 980 2452 grammatici
1008 2387 1049 2436 usi
1078 2391 1146 2436 sunt.
1202 2382 1234 2433 Sic

99 2479 244 2529 Alexandri
268 2484 355 2530 aetate
380 2476 442 2548 περὶ
465 2474 591 2547 ποταμῶν
613 2478 657 2530 καὶ
681 2478 782 2549 κρηνῶν
800 2477 844 2529 καὶ
862 2476 956 2546 λιμνῶν
981 2478 1087 2529 Strattis
1109 2475 1232 2542 Olynthius

100 2572 205 2637 scripsit
229 2570 272 2637 [cf.
298 2568 395 2635 Suid.];
425 2569 486 2641 περὶ
517 2568 644 2640 ποταμῶν
667 2571 841 2637 Asclepiades
865 2571 1060 2621 Anazarbensis
1089 2569 1133 2635 [cf.
1159 2565 1233 2633 steph.

46 2653 48 2656 ’
99 2679 121 2713 s.
141 2680 166 2713 v.
187 2654 368 2732 Ἀνάζαρβα],
393 2663 594 2729 Dionysodorus
625 2661 669 2729 [cf.
696 2663 778 2715 schol.
802 2664 865 2714 Eur.
890 2664 999 2728 Hippol.
1027 2660 1104 2727 122],
1134 2662 1234 2726 Zopyrus

101 2753 144 2820 [ci.
157 2755 242 2820 Harp.
259 2771 279 2806 s.
292 2746 449 2825 ν.Ἔρμος].
486 2757 574 2807 Verbo
594 2755 627 2806 de
646 2755 890 2821 paradoxographis
910 2754 1078 2818 monendum,
1099 2755 1144 2820 qui
1156 2751 1234 2804 similia

99 2851 259 2897 tractarunt:
286 2846 450 2898 Callimacho
477 2845 645 2916 [θαυμασίων
668 2842 720 2897 τῶν
744 2840 781 2916 ἐῶ
806 2837 913 2898 ἃπασαν
937 2841 985 2912 τὴν
1002 2843 1049 2914 γῆν
1067 2838 1134 2895 κατὰ
1152 2838 1234 2901 τόπους

99 2931 257 3008 σαναηωγηΊ,
280 2938 484 3005 Philostephano
506 2938 575 3010 [περὶ
593 2935 644 2989 τῶν
662 2932 825 3008 παραδόξων
843 2936 990 3007 ποταμῶν],
1017 2938 1161 2990 Polemone
1180 2929 1234 3002 [περὶ

98 3027 224 3098 ποταμῶν
243 3030 325 3083 schol.
347 3031 408 3083 Eur.
428 3032 500 3086 Med.
520 3029 572 3080 827
591 3029 674 3096 (835),
693 3028 753 3099 περὶ
771 3029 822 3080 τῶν
842 3026 869 3081 ἐν
888 3027 991 3098 Σικελία
1009 3025 1136 3098 ποταμῶν
1153 3027 1233 3079 Athen.

97 3122 159 3183 VII,
180 3121 272 3183 3071),
296 3122 357 3195 περὶ
374 3120 426 3175 τῶν
445 3121 472 3176 ἐν
490 3120 595 3192 Σικελία
613 3118 824 3191 θαυμαζομένων
842 3119 967 3190 ποταμῶν
989 3122 1072 3172 Macr.
1092 3122 1194 3172 Saturn.
1210 3116 1233 3179 V,

100 3214 142 3278 19,
162 3215 206 3265 26.
243 3216 332 3267 Tertio
352 3217 428 3269 titulo
447 3216 517 3266 idern
542 3215 654 3265 fortasse
681 3213 751 3280 quod
777 3214 894 3264 secundo
915 3230 981 3279 opus
1001 3214 1150 3264 accinctius
1169 3209 1233 3276 signi·

96 3307 202 3372 ficatm,
229 3309 299 3375 quod
323 3325 385 3375 pars
409 3307 490 3358 fuisse
513 3307 617 3358 videtur
635 3308 719 3372 primo
737 3307 797 3357 loco
817 3307 954 3356 nominati.
1001 3306 1035 3356 cf.
1055 3306 1156 3356 Preller
1172 3301 1234 3354 Pole·

97 3401 183 3451 monis
201 3402 352 3466 periegetae
371 3400 465 3466 fragm.
487 3397 563 3464 125],
590 3400 713 3463 Sotione,
737 3399 810 3449 cuius
829 3398 857 3447 in
879 3398 1038 3463 Geoponieis
1058 3403 1120 3448 sunt
1137 3392 1235 3460 vestigia

99 3486 138 3558 [τὰ
169 3486 309 3564 σποράδην
335 3491 396 3563 περὶ
423 3487 548 3559 ποταμῶν
572 3490 616 3542 καὶ
639 3488 739 3562 κρηνῶν
764 3488 808 3541 καὶ
831 3487 927 3558 λιμνῶν
950 3482 1233 3560 παραδοξολογούμενα.

98 3585 133 3636 cf.
154 3585 263 3635 Photius
281 3584 343 3635 bibl.
365 3584 423 3635 cod.
446 3583 513 3645 189,
533 3601 560 3650 p.
582 3583 642 3634 145.
667 3583 782 3633 Bekker.
808 3583 841 3632 cf.
863 3581 921 3632 cod.
944 3579 1014 3645 188].
1057 3580 1119 3652 περὶ
1142 3575 1235 3648 λιμένων

97 3682 160 3727 ante
178 3676 360 3728 Eratosthenis
384 3682 499 3727 aetatem
525 3693 591 3742 opus
618 3676 736 3728 condidit
758 3673 942 3725 Timosthenes
969 3671 1011 3738 [cf.
1031 3674 1161 3738 Harpocr.
1180 3688 1198 3721 s.
1214 3683 1234 3717 ν.

97 3762 133 3838 ἐφ’
158 3762 229 3840 ἱερόν
248 3774 273 3819 et
293 3769 386 3820 Strabo
405 3769 457 3833 IX,
477 3766 555 3833 4211,
580 3774 675 3835 postea
694 3768 786 3818 Crates
804 3765 974 3816 Atheniensis
994 3764 1037 3831 [cf.
1055 3765 1132 3816 Eust.
1153 3757 1227 3815 Od·⁰

99 3860 147 3925 22,
174 3860 266 3926 1613],
295 3862 359 3913 Cleo
386 3862 568 3929 Syracusanus
595 3859 638 3925 [cf.
663 3859 753 3925 Steph.
779 3860 842 3924 Byz.
868 3873 890 3908 s.
912 3873 938 3908 ν.
958 3849 1073 3921 Ἀσπίς].
1118 3855 1209 3907 Badrin

96 3953 271 4018 temporibus,
299 3954 398 4005 Suidae
417 3952 538 4018 allides,
564 3952 631 4003 haec
656 3956 682 4002 et
707 3951 804 4001 similia
828 3949 953 3999 tractavit
970 3949 1154 4012 Diogenianus
1171 3945 1208 4012 pol

97 4045 181 4096 histor
204 4051 230 4097 et
252 4038 441 4112 grammaticus
466 4046 494 4095 in
516 4060 595 4111 opere
614 4041 676 4114 περὶ
693 4039 820 4111 ποταμῶν
837 4039 932 4110 λιμνῶν
951 4037 1053 4112 κρηνῶν
1074 4033 1146 4112 ὀρῶν
1164 4033 1207 4108 iro

98 4153 185 4210 ρειων.
