2618 4614
527 213 677 310 *sa—

10 441 35 463 ·-
120 416 263 481 Attamen
293 416 428 480 fortasse
459 415 579 502 aliquid
608 414 810 503 profecimus.
862 415 1010 481 Vidimus
1038 441 1058 482 a
1086 417 1179 482 Calli-

35 504 142 586 'nscho
170 521 274 607 primo
301 528 468 585 ventorum
496 520 653 584 mensium
685 520 821 605 piscium
853 519 960 583 avium
994 518 1178 608 [insularum

59 621 167 710 urbium]
193 623 324 687 nomina
352 631 503 708 congesta
527 623 589 704 ita,
626 632 662 687 ut
690 645 785 709 quam
813 620 1021 707 plurimarum
1052 622 1179 687 urbium

57 727 234 813 gentiumque
249 723 373 790 dialecti
387 727 634 812 respicerentur3
650 725 787 790 m'dimus
798 723 1046 811 Aristophanem
1056 726 1179 811 Byzan-

56 830 114 893 tium
131 827 163 892 id
177 827 289 912 egisse,
311 836 347 892 ut
361 828 532 893 verborum
547 836 648 894 certas
664 827 934 893 circumscriberet
948 827 1074 912 classes,
1097 852 1178 914 quae

29 918 33 923 ¹
55 929 100 995 slis
115 929 190 994 alius
211 931 350 995 notionis
364 930 490 996 vinculo
512 933 679 995 coniuncta
698 932 783 996 vitae
804 930 961 995 humanae
982 932 1126 1017 privatae
1148 940 1179 996 et

54 1031 175 1121 publicae
202 1034 340 1098 rationes
363 1042 394 1100 et
414 1035 558 1098 instituta
587 1033 904 1120 comprehenderent3
936 1034 977 1099 ab
1000 1035 1113 1099 eodem
1134 1040 1179 1099 vi-

54 1134 134 1201 dimus
147 1135 327 1200 Aristotelis
343 1136 525 1201 animalium
540 1137 703 1202 historiam
718 1137 997 1221 grammaticorum
1012 1136 1178 1202 desideriis

53 1239 227 1326 adaptatam3
253 1239 474 1306 Artemidorus
497 1240 639 1304 omnium
662 1239 777 1325 quibus
800 1241 1010 1305 vescebantur
1039 1239 1178 1305 denomi-

52 1343 171 1407 nationes
187 1344 361 1428 congessit3
376 1343 536 1408 Nicander
550 1351 582 1407 et
595 1341 762 1407 Philemon
777 1342 959 1408 utensilium
975 1345 1177 1428 omnigenus3

53 1444 215 1531 Apollonius
230 1454 262 1511 et
283 1445 336 1510 alii
349 1468 454 1510 rerum
477 1445 518 1510 ad
531 1446 747 1530 navigandum
768 1447 1016 1511 necessariarum
1038 1445 1179 1529 ὀνόματα

53 1557 254 1632 onvocanmt3
294 1547 409 1634 quibus
440 1548 587 1614 omnibus
613 1547 767 1634 Tryphon
800 1547 843 1638 [et
874 1549 1050 1635 Dionysius
1081 1549 1177 1640 filius]

29 1659 153 1737 praeter
172 1653 385 1716 instrumenta
411 1653 533 1716 musica
553 1650 615 1715 aba
636 1673 745 1715 earum
766 1673 873 1714 rerum
895 1650 1018 1716 addidit
1039 1652 1178 1718 denomi-

52 1755 179 1838 nationes,
203 1777 283 1841 quas
303 1764 388 1820 terra
408 1756 521 1840 gignit,
545 1754 685 1818 Soranus
699 1752 801 1817 Rufus
816 1753 975 1839 Ephesius
989 1755 1105 1820 medici
1125 1757 1179 1821 alii

53 1858 166 1944 corporis
180 1859 322 1944 partium
334 1859 473 1923 nomina.
507 1855 711 1941 Singularum
726 1857 818 1942 quasi
839 1855 987 1921 classium
1009 1882 1028 1923 a
1041 1861 1178 1946 posteris

53 1961 281 2026 retractationem
308 1960 378 2025 fieri
406 1961 472 2024 sive
495 1958 640 2045 augendo
671 1959 738 2024 sive
760 1960 974 2025 contrahendo
999 1962 1066 2026 sive
1088 1961 1179 2028 aliter

53 2062 221 2146 edomanda
242 2062 329 2128 velut
350 2087 370 2128 a
387 2062 581 2150 Zenophane
604 2067 781 2144 συγγενικῶν
803 2062 971 2148 ὀνομάτων,
995 2087 1015 2128 a
1036 2064 1177 2152 Telepho

53 2169 230 2256 χρηστηρίων,
260 2189 499 2253 nonnumquam
521 2167 683 2253 potuimus
705 2174 829 2230 notare:
857 2165 950 2251 plane
970 2189 1055 2232 nova
1075 2191 1178 2234 acces-

54 2268 109 2334 sisse
127 2279 200 2356 post
219 2271 324 2356 prima
344 2270 572 2356 imperatorum
593 2276 739 2355 tempora
759 2290 823 2332 non
844 2270 1065 2354 comperimus.
1102 2272 1178 2336 Fuit

53 2368 138 2438 horum
150 2383 343 2459 temporum,
364 2373 587 2458 grammaticos
610 2373 636 2434 si
652 2381 776 2457 spectas
800 2371 848 2460 [cf.
864 2372 1052 2458 Didymum,
1076 2375 1177 2440 Theo-

52 2496 112 2558 nen,
130 2485 242 2563 postea
255 2474 483 2557 Herodianum,
506 2475 606 2564 alios],
629 2497 710 2560 quae
724 2474 983 2540 antecedentibus
1005 2487 1095 2542 erant
1117 2477 1177 2542 ela-

53 2574 137 2644 borata
161 2588 346 2666 comparata
374 2579 551 2664 conquisita
582 2580 615 2641 in
635 2587 728 2642 vasta
749 2579 841 2664 quasi
861 2577 974 2644 horrea
995 2601 1175 2664 congerere.

53 2678 151 2746 lhlitne
177 2682 355 2764 ὀνομαοιῶν
375 2680 427 2746 vel
449 2680 608 2763 ὀνομάτων
638 2680 764 2768 quoque
786 2689 888 2745 totum
910 2682 1092 2746 thesaurum
1121 2682 1175 2749 illa

53 2784 136 2848 setas?
156 2824 195 2834 -
219 2785 285 2850 Sed
306 2794 398 2851 antea
419 2785 555 2849 Romani
576 2783 774 2870 inspiciendi.

112 2886 315 2953 Grammatici
342 2888 557 2953 Romanorum
584 2910 625 2952 ne
651 2887 710 2951 hac
738 2886 867 2972 quidem
895 2909 936 2950 ex
962 2897 1053 2974 parte
1076 2889 1174 2954 Grae-

53 3007 134 3054 corum
147 2990 258 3056 deesse
271 2990 440 3057 voluerunt
454 2989 610 3076 exemplo.
647 2990 710 3053 Hic
731 3012 796 3053 non
810 2999 964 3054 vocantur
984 2992 1017 3055 in
1032 3014 1171 3075 censum,

54 3090 213 3180 qticumque
235 3093 275 3159 de
290 3093 396 3180 aliqua
417 3095 484 3158 sive
499 3094 583 3157 vitae
601 3094 758 3157 humanae
780 3093 847 3157 sive
868 3101 999 3159 naturae
1014 3096 1172 3161 animatae

53 3191 87 3256 vel
102 3217 158 3260 non
178 3197 335 3262 animatae
355 3206 446 3283 parte
475 3197 606 3282 propria
627 3195 794 3260 ediderunt
816 3197 947 3281 scripta,
977 3197 1064 3262 velut
1083 3199 1172 3284 Nigi-

54 3291 193 3385 liil'iguli
214 3298 254 3365 de
276 3307 371 3365 vento
392 3298 465 3363 libri
486 3297 537 3363 vel
559 3299 599 3364 de
622 3298 716 3384 diis¹)
739 3297 790 3362 vel
811 3297 850 3362 de
872 3298 1061 3365 animalibus
1072 3304 1097 3384 ²)
1119 3302 1171 3367 vel

53 3395 248 3466 hohominum
276 3400 506 3488 naturahbus³)
534 3399 585 3465 vel
608 3400 703 3465 Gavii
723 3402 817 3465 Bassi
846 3409 878 3465 et
906 3401 980 3467 Sex,
1004 3402 1108 3467 Clodii
1130 3404 1170 3470 de

53 3496 95 3566 diis
106 3505 264 3591 scriptae:
286 3527 324 3570 ea
337 3505 398 3569 hoc
411 3502 480 3568 loco
497 3503 567 3568 dico
583 3505 696 3586 studia,
720 3504 834 3590 quibus
853 3527 958 3569 rerum
974 3507 1168 3591 singularum

10 3726 12 3732 .
106 3686 619 3752 1)ef.sch01.Bern.Georg.1,428.
657 3688 757 3739 Gellius
776 3704 802 3739 u.
822 3690 854 3739 A.
872 3689 908 3753 H,
929 3690 972 3753 22,
992 3690 1036 3740 31.
1056 3721 1092 3726 ——
1110 3693 1168 3743 Ma·

55 3775 129 3829 aobins
144 3778 246 3831 Satura.
266 3781 317 3845 III,
337 3781 363 3844 4,
383 3780 408 3831 6.

10 3874 12 3878 ’
104 3869 128 3936 2)
143 3873 174 3924 cf.
192 3873 309 3924 Maerob.
330 3872 435 3923 Satura.
454 3872 504 3936 III,
527 3871 568 3935 16,
590 3870 614 3922 7.

10 3982 18 4011 s
104 3962 173 4028 blot.
192 3965 265 4017 Serv.
284 3965 351 4016 Aen.
370 3965 396 4026 I,
418 3962 478 4014 178.
517 3965 550 4015 cf.
570 3965 638 4015 Plin.
657 3982 683 4015 n.
702 3963 727 4013 h.
750 3966 816 4029 VII,
837 3965 879 4016 66.
924 3966 1024 4027 Quibus
1044 3968 1166 4019 omnibus

13 4058 17 4063 '
55 4044 155 4121 ζητήματα
172 4058 336 4123 potissimum
355 4061 470 4107 tractata
487 4059 617 4109 videntur.

105 4145 127 4209 4)
144 4149 174 4200 ct.
189 4150 307 4202 Macrob.
328 4150 432 4200 Saturn.
452 4149 475 4213 I,
495 4152 520 4213 9,
543 4152 584 4200 13.
621 4151 753 4201 Arnobius
772 4149 831 4200 adv.
851 4155 924 4214 gent.
944 4151 975 4215 V,
997 4151 1037 4201 18.
