2618 4614
632 223 782 323 -Et—

133 425 281 510 glexisse,
311 433 347 489 ut
373 425 410 490 fit
436 427 470 489 in
498 425 588 491 libris
610 424 673 488 VH
695 433 727 489 et
748 424 849 510 XI¹);
882 432 950 488 tum
979 448 1108 511 prorsus
1129 425 1181 489 hic
1203 424 1278 489 ordo

133 527 281 592 abhorret
313 551 333 592 a
364 527 663 614 lexicographorum
694 529 896 613 antiquorum
929 529 983 613 qui
1014 529 1143 614 quidem
1177 551 1280 592 rerum

132 630 275 695 ordinem
302 640 413 695 curant
440 630 713 714 consuetudine2).
757 631 904 716 Denique
926 630 1109 696 Athenaeus
1130 633 1200 717 ipse
1220 630 1281 694 VH

133 733 227 797 2770
250 755 283 798 se
306 732 386 798 κατὰ
410 742 565 810 στοιχεῖον
584 734 715 796 nomina
735 734 872 818 piscium
897 733 1115 797 ordinaturum
1137 733 1279 820 spondet,

133 835 219 921 quod
246 836 273 899 si
299 845 373 901 ante
400 834 587 922 poculorum
617 835 796 919 catalogum
820 834 880 922 [XI
901 835 980 924 init]
1006 858 1070 900 non
1091 836 1217 901 videtur
1236 859 1281 900 re-

131 939 284 1023 petivisse
293 939 331 1025 3),
360 939 563 1025 epitomatori
590 937 702 1024 culpae
727 938 929 1002 vertendum:
960 940 995 1003 in
1016 940 1176 1004 Marciano
1204 937 1282 1004 haec

132 1063 208 1127 pars
231 1040 328 1106 deest.

216 1142 290 1209 Alio
338 1143 434 1208 modo
484 1142 711 1207 elementorum
761 1143 904 1208 ordinem
946 1144 1113 1231 Pamphilo
1156 1145 1284 1209 intrusit

131 1245 174 1309 H.
197 1245 360 1330 Weber⁴)‚
389 1247 444 1333 qui
466 1248 576 1311 statuit
597 1244 740 1310 ordinem
762 1245 998 1332 alphabeticum
1025 1272 1045 1312 a
1067 1247 1167 1312 Suida
1188 1249 1282 1331 signi-

130 1350 261 1411 ficatum
289 1349 331 1414 ad
358 1347 466 1412 titulos
495 1348 637 1434 capitum
664 1357 818 1432 spectare.
860 1350 933 1415 Non
962 1373 1060 1436 urgeo
1090 1349 1176 1436 quod
1196 1348 1281 1414 nullo

130 1452 328 1537 antiquitatis
350 1449 497 1537 exemplo
520 1473 610 1515 suam
632 1453 821 1516 sententiam
841 1476 882 1518 ne
904 1477 924 1518 a
945 1453 1046 1519 Suida
1067 1453 1206 1539 quidem,
1229 1454 1283 1539 qui

131 1556 165 1618 in
185 1578 220 1618 re
242 1556 337 1618 unica
356 1554 481 1639 longior
501 1554 622 1637 fuisset,
645 1556 899 1620 commendatam
920 1559 1057 1642 probare
1078 1565 1200 1643 potest,
1226 1579 1284 1642 per

132 1680 166 1722 se
180 1666 287 1722 autem
301 1658 370 1721 veri
384 1656 538 1721 dissimile
552 1666 601 1721 est
615 1656 695 1722 duas
710 1660 827 1723 mixtas
848 1659 947 1722 fuisse
964 1660 1113 1741 rationes
1136 1668 1172 1722 ut
1186 1659 1284 1723 altera

130 1759 221 1825 alteri
243 1760 419 1846 oportuerit
448 1758 622 1845 obseres),
652 1762 686 1825 id
708 1783 806 1824 unum
828 1784 954 1826 moneo:
984 1784 1024 1826 ne
1049 1761 1282 1843 obliviscamur,

206 1926 232 1990 1)
250 1927 312 1976 Non
331 1925 480 1975 audiendus
499 1926 535 1974 M.
556 1925 676 1976 Schmidt
698 1927 805 1989 Quaest.
822 1928 886 1977 Hea.
906 1926 1042 1976 CLXXII:
1067 1942 1116 1992 „ex
1141 1927 1209 1976 serie
1226 1925 1283 1975 lite-

130 2034 226 2082 rarum,
246 2023 273 2066 et
289 2019 328 2066 ita
346 2018 460 2083 quidem,
478 2023 509 2067 ut
526 2018 589 2068 licet
606 2018 739 2069 interdum
750 2021 836 2070 iustus
849 2019 914 2070 ordo
928 2020 1064 2085 neglectus
1077 2019 1120 2082 sit,
1140 2018 1283 2068 secundam

130 2117 222 2161 tamen
238 2110 342 2160 literam
361 2126 474 2175 semper,
493 2110 597 2160 tertiam
616 2127 671 2162 non
689 2127 748 2161 raro
768 2113 934 2162 observatam
952 2112 1105 2178 respicias“.
1137 2110 1216 2161 Cadit
1232 2109 1283 2159 hoc

130 2205 223 2270 paucis
247 2204 364 2268 exceptis
388 2203 417 2251 in
441 2201 539 2267 pocula
557 2217 574 2250 a
595 2204 710 2269 uincip.
727 2205 761 2254 ab
780 2206 839 2271 ipso
859 2206 995 2270 apposita;
1021 2203 1069 2254 sed
1093 2202 1184 2253 videat
1201 2203 1283 2252 lector

131 2297 211 2345 haec:
236 2293 304 2343 Inde
329 2309 346 2342 a
363 2295 428 2358 VII,
455 2294 536 2342 315a
567 2287 684 2365 ὀρφώς,
708 2287 842 2372 ὄρκυνος,
866 2288 935 2359 ὄνος
957 2296 1001 2347 καὶ
1023 2290 1144 2360 ὀνίσκος,
1167 2287 1281 2345 πουλύ-

131 2401 207 2447 ποος.
226 2379 381 2455 πάνοορος,
400 2380 542 2454 πηλαμύς,
566 2383 673 2456 πέρκη,
698 2385 790 2455 φυκίς,
809 2386 902 2458 ῥαφίς,
928 2387 1004 2458 ῥίνη,
1023 2382 1137 2456 σκάρος,
1156 2381 1281 2456 σπάρος,

131 2475 277 2546 σκορπίος,
291 2471 451 2547 σκόμβρος,
464 2472 587 2547 σαργός,
600 2473 702 2546 σάλπη,
715 2473 868 2542 συνόδους
888 2477 1038 2549 σοναγρίς,
1057 2477 1182 2549 σαῦρος,
1207 2489 1246 2528 σκ
1256 2494 1280 2528 a·

131 2563 220 2631 ςανος,
240 2567 365 2637 σκίαινα,
384 2568 515 2638 σοαγρίς,
535 2564 689 2640 σφύραινα,
708 2570 818 2639 σηπία,
842 2569 945 2643 τρίγλη,
972 2569 1078 2636 ταινία,
1102 2564 1281 2641 τράχονρος,

133 2646 322 2727 [τ]αολωιιίας,
346 2659 456 2728 τευθίς,
474 2659 599 2724 τεῦθος,
619 2690 657 2697 -
674 2663 714 2712 Xi
728 2679 752 2712 c.
772 2663 806 2711 68
825 2681 883 2730 sqq.
901 2658 1054 2734 λαβρόιια,
1078 2655 1212 2723 triumve,
1234 2658 1281 2712 λε-

132 2746 230 2821 παστή,
257 2746 414 2821 [λαρίνιη],
441 2747 605 2821 λοιβάσιον,
632 2746 763 2822 λε’σβιον,
790 2749 960 2825 λουτήριον,
987 2747 1169 2823 λυκιοοριής,
1198 2746 1282 2822 μέλη,

134 2839 326 2914 μετάνιπτρον,
345 2838 470 2913 μαστός,
499 2842 638 2912 pallulis,
666 2840 770 2914 μα’νης.
808 2847 881 2899 xlc.
901 2848 936 2895 22
955 2863 1012 2912 sqq.
1034 2839 1151 2912 ἀγκύλη,
1176 2841 1282 2912 αἰακίς,

135 2928 252 2998 ἄκατος,
280 2927 374 3003 ἄωτον,
394 2926 532 3005 ἄροκλον,
552 2927 672 3004 ἄλεισον,
700 2932 738 2987 δέ
745 2954 808 3000 aeg.
837 2932 1002 3006 ι’τμαλθείας
1030 2930 1126 3008 κε’ρας,
1149 2930 1283 2999 ἐνιαυτός,

134 3020 275 3098 ἄμφωτις,
294 3018 420 3095 ἄμυστις
432 3043 490 3093 sqq.
520 3028 554 3077 In
566 3030 683 3093 piscibus
697 3030 805 3080 alterins
818 3030 922 3081 litterae
941 3030 1015 3080 nulla
1032 3031 1113 3091 rati03
1132 3032 1161 3078 in
1180 3013 1285 3095 poculisv

134 3137 189 3171 non
207 3121 314 3185 ubique.

207 3210 238 3277 2)
256 3212 296 3261 Xe
314 3212 344 3260 in
360 3210 497 3274 glossariis
517 3210 623 3277 quidem
636 3213 689 3263 illis
708 3213 946 3278 Graeco-Latinis,
965 3230 983 3263 a
1001 3215 1096 3280 quibus
1111 3211 1165 3264 orsi
1183 3229 1282 3277 sumus,

134 3304 305 3354 inveniuntur
323 3302 446 3368 exempla
468 3309 574 3368 praeter
590 3306 801 3371 interpellent.
828 3308 877 3372 ,de
896 3323 961 3357 mor.
977 3305 1066 3356 hum!
1086 3312 1114 3356 et
1133 3306 1184 3372 „de
1197 3303 1282 3359 artif.“

135 3394 226 3461 Steph.
247 3395 298 3460 ¹,de
316 3395 464 3457 moribns“;
489 3411 600 3460 quorum
624 3398 730 3448 diversa
747 3404 788 3449 est
805 3401 873 3449 ratio
892 3415 976 3465 aeque
994 3405 1074 3464 atque
1094 3415 1192 3462 eorum,
1216 3414 1284 3464 quae

134 3494 198 3553 post
210 3488 281 3538 Non.
292 3487 376 3536 Marc.
390 3502 477 3552 comp.
490 3487 574 3539 doctr.
593 3491 740 3540 seeundum
757 3492 859 3542 litteras
878 3493 1001 3542 ordinata
1017 3491 1176 3554 invenimus,
1196 3507 1237 3542 cc.
1248 3491 1285 3551 Π,

135 3579 246 3643 111,1v
263 3584 291 3629 et
302 3578 399 3628 Isidori
418 3580 485 3644 orig.
504 3579 568 3632 tit
596 3582 801 3633 hfirorPaxami
819 3577 919 3653 opeqr.
933 3604 958 3635 κ.
971 3598 1011 3635 ot.
1039 3584 1073 3634 cf.
1087 3583 1161 3634 Suid.
1190 3582 1286 3634 Cetera

133 3671 290 3739 pomriora.

208 3760 241 3830 3)
257 3763 296 3813 hl.
321 3761 441 3813 Schmidt
461 3762 516 3835 ¹hae
538 3764 568 3812 in
591 3781 620 3814 re
636 3765 775 3818 Athenaeo
798 3767 878 3818 iidem
901 3767 1029 3832 denegat;
1054 3769 1102 3819 sed
1124 3785 1180 3820 non
1206 3769 1285 3820 estis

134 3855 203 3909 «ao
219 3870 300 3922 quam
315 3853 454 3906 Athenaeo
471 3856 601 3907 inrideas.

208 3947 240 4009 4)
255 3945 353 3998 Philol.
371 3947 460 4014 suppl.
477 3949 529 4013 ΠΙ,
548 3949 602 3998 487
615 3966 674 4017 sqq.

209 4036 243 4106 ὅ)
267 4046 300 4092 ut
324 4041 365 4092 aie
393 4057 435 4092 ex
458 4057 499 4106 gr.
524 4042 679 4093 decurrant:
706 4042 767 4113 :rapi
794 4036 918 4111 ἀνέμων.
942 4043 1003 4114 περὶ
1027 4036 1198 4111 ἀνθρώπων,
1225 4039 1286 4112 περὶ

218 4126 235 4143 ”
255 4170 266 4197 ,
288 4131 352 4203 aql
368 4125 473 4200 γάμον
503 4132 557 4185 κτλ.
580 4135 624 4184 vei
647 4133 707 4203 περὶ
731 4132 783 4185 τῶν
804 4132 881 4205 {atq
907 4129 1007 4206 ἀγορᾷ
1030 4127 1197 4202 πραιμάιων,
1225 4131 1286 4202 περὶ
