2618 4614
708 176 751 241 56

656 264 806 273 ..ξ-

154 402 249 467 quem
271 381 497 447 Reifferscheid
511 405 631 447 nonum
652 380 751 447 fuisse
765 390 931 468 pratorum
944 377 1104 466 probavit,
1125 400 1260 449 sermon!
1295 388 1303 451 .'

151 483 250 548 fuisse
269 481 309 547 de
324 484 444 549 mundo
458 487 546 548 zonis
562 485 649 550 eaelo
669 484 767 549 stellis
787 480 1032 569 tempestatibus
1045 482 1147 547 ventis
1159 505 1222 548 man

152 586 346 651 fltuninibus.
372 590 405 651 in
435 587 559 653 decimo
587 588 627 653 de
648 589 858 675 animantium
878 588 1011 665 naturis,
1038 593 1072 651 et
1097 586 1141 651 ita
1160 586 1259 673 quiden,

152 703 188 754 ut
216 692 385 754 Suetonius
422 692 476 755 ‚in
503 692 646 777 ipsorum
678 700 939 777 argumentorum
970 688 1196 755 continuatione

152 792 266 857 bomm
294 795 521 880 proprietatem
553 793 709 881 adpositis
740 804 909 880 poetarum
939 800 973 857 et
1004 794 1189 879 scrIptomm
1210 792 1260 859 lot's

153 895 392 981 illustraret-¹).
427 896 622 963 Graecorum
651 920 778 985 quoque
804 896 975 961 verborum
1001 894 1113 960 habita
1135 896 1260 981 rational

153 998 225 1078 Quo
246 998 333 1064 fonte
355 1001 472 1063 seimus
493 1024 568 1066 usos
583 1024 654 1066 esse
674 1016 819 1087 posteros
838 997 927 1064 velut
940 996 1151 1064 Censorinum
1168 1000 1199 1063 in
1212 998 1262 1065 lle

152 1100 204 1165 die
226 1101 323 1166 natali
344 1125 404 1168 nec
424 1104 530 1166 minus
551 1104 721 1189 fragnenti
741 1102 929 1168 Censoriani
949 1112 1114 1167 auctorem
1137 1102 1262 1183 incertam,

153 1206 207 1289 qui
222 1206 349 1291 scripsit
370 1206 410 1271 de
424 1207 561 1271 naturali
574 1208 780 1275 institutione,
802 1205 843 1270 de
858 1204 937 1271 caeli
949 1206 1121 1291 positione,
1141 1204 1177 1271 de
1189 1202 1262 1291 stellis

153 1306 193 1371 de
219 1318 312 1375 terra.
343 1308 383 1373 de
411 1311 613 1395 geometrica,
639 1309 680 1374 de
709 1310 840 1373 musica.
890 1308 959 1373 Xec
984 1309 1093 1374 minus
1118 1332 1159 1375 ex
1184 1332 1214 1375 ro
1232 1316 1264 1375 ut

152 1409 248 1473 Nonii
276 1410 417 1477 Marcelli
446 1414 639 1477 mentionem
669 1412 793 1485 fecisse,
824 1413 915 1475 euius
942 1411 1112 1498 compend.
1143 1411 1267 1479 docum

152 1513 310 1599 capitibus
333 1514 407 1580 inde
428 1540 447 1580 a
469 1516 677 1579 XIII—XIX
700 1514 872 1605 [intercidit
896 1522 996 1600 eaput
1024 1514 1087 1597 „de
1106 1538 1212 1601 genere
1225 1512 1265 1579 ctl

151 1617 411 1707 ciamentorum³}
428 1618 700 1684 denominationes
715 1641 822 1683 rerum
842 1616 885 1681 ad
897 1617 1067 1683 hominum
1079 1619 1175 1683 vitam
1192 1640 1265 1683 neos

152 1721 306 1784 seriarum
328 1722 362 1784 in
383 1723 489 1807 capita
510 1721 698 1787 distributae
719 1730 966 1808 pertractantur3
988 1722 1050 1786 sic:

268 1824 360 1889 XIII.
383 1826 423 1889 de
445 1848 562 1910 genere
581 1827 792 1909 navigiorum.

267 1928 358 1992 XIV.
381 1927 421 1992 de
442 1950 558 2013 genere
579 1930 849 1992 vestimentorum.

285 2031 358 2096 XV.
381 2031 559 2116 degenere
580 2053 730 2094 vasorum
751 2029 803 2093 vel
822 2028 1021 2115 poculorum.

270 2134 362 2199 XVI.
385 2134 425 2198 de
448 2133 573 2221 [genere
596 2132 656 2222 vel]
679 2132 784 2197 colore
804 2134 1077 2197 vestimentorum.

250 2237 357 2301 XVII.
380 2236 420 2301 de
441 2259 557 2322 genere
579 2235 723 2300 ciborum
745 2234 797 2299 vel
817 2257 996 2322 pomorum.

237 2340 360 2404 XVHI.
383 2339 423 2404 de
444 2362 561 2424 genere
582 2361 752 2403 armorum.

266 2443 360 2508 XIX.
383 2442 423 2508 de
444 2443 691 2529 propinquitate.

236 2547 385 2632 Denique
418 2546 518 2634 [Vibii
549 2547 634 2610 enim
664 2545 844 2630 Sequestris
876 2543 917 2609 de
947 2543 1134 2610 fluminibus
1163 2542 1266 2611 fontibus

152 2650 283 2715 lacubus
309 2649 491 2714 nemoribus
517 2648 689 2735 paludibus
710 2647 872 2712 montibus
893 2647 1044 2732 gentibus
1053 2654 1081 2736 ³)
1107 2672 1166 2736 per
1183 2646 1272 2712 litters
1300 2681 1303 2715 ς

152 2753 251 2817 libros
280 2752 476 2841 praetereo⁴l
504 2776 546 2817 ex
566 2751 683 2815 Isidori
710 2751 853 2836 episcopi
880 2750 1084 2837 Hispalensis
1110 2746 1266 2838 Etymologl

154 2879 244 2920 arum
268 2855 329 2944 [vel
351 2855 531 2943 Originum]
557 2854 645 2920 libris
666 2855 790 2939 viginti,
817 2853 934 2939 quibus
955 2853 1138 2919 divinarum
1156 2855 1266 2919 bumont
1300 2860 1303 2875 '

154 2981 289 3044 rumque
303 2981 408 3022 rerum
424 2959 533 3023 orbem
548 2958 678 3043 explere
693 2966 824 3021 conatus
842 2965 900 3040 est,
922 2956 985 3021 huc
997 2958 1119 3023 faciunt
1139 2954 1265 3023 dudem

154 3062 346 3148 posteriores
354 3064 380 3149 ⁵)
403 3061 486 3146 libri,
508 3084 643 3147 quorum
658 3060 815 3146 capitibus
838 3062 1107 3127 onomasticorum
1126 3070 1265 3125 nostroruu
1302 3142 1303 3146 Ἰ

159 3248 614 3257 —.--——-———-—.

231 3376 258 3439 1)
279 3393 304 3426 v.
322 3375 511 3426 Reifferscheid
530 3392 555 3440 p.
576 3376 639 3425 449.

230 3468 257 3531 2)
277 3485 302 3518 v.
325 3468 514 3518 Reifferscheid
537 3486 563 3534 p.
583 3468 645 3518 455.
692 3468 749 3516 Nec
773 3483 829 3517 sum
854 3468 993 3517 immemor
1017 3467 1143 3518 librorum
1167 3462 1218 3536 sisoi
1235 3456 1266 3511 uit

156 3557 215 3632 παρ’
231 3554 344 3629 Ἕλλησι
361 3557 481 3625 παιδιῶν,
501 3560 559 3629 περὶ
573 3558 624 3609 τῶι·
636 3553 710 3629 παρὰ
722 3552 870 3625 Ῥωμαίοις
882 3556 1004 3630 θεωριῶν
1018 3558 1062 3609 καὶ
1075 3552 1178 3624 ἀγόνων
1192 3556 1266 3623 [nour

158 3670 208 3722 que
227 3654 380 3719 complexus
398 3651 588 3702 Reifferscheid
613 3652 756 3716 ,ludicram
775 3650 928 3702 historIam“
949 3650 1111 3717 nuncupat];
1136 3640 1265 3701 eeteruntl

158 3747 243 3797 Sirmii
261 3746 399 3811 Capitonis
418 3744 628 3809 spectaculorum
646 3744 735 3795 libros.
772 3745 930 3793 Lactantius
947 3744 1030 3795 instit.
1050 3744 1103 3794 div.
1122 3744 1172 3807 vl,
1188 3740 1227 3801 20,
1238 3734 1265 3785 ll·

230 3837 260 3904 3)
280 3838 314 3889 cf.
342 3837 504 3902 Diogeniani
535 3836 607 3901 apud
636 3835 708 3886 Suid.
740 3835 799 3905 περὶ
829 3833 955 3903 ποταμῶν
981 3833 1079 3904 λιμνῶν
1105 3832 1200 3907 κρηνῶν
1220 3822 1266 3899 lt&

158 3925 316 4002 ἀκρωρειῶν,
335 3923 483 3996 συγαγωγὴν
500 3928 544 3978 καὶ
562 3927 657 3978 πίνακα
675 3926 727 3977 τῶν
745 3924 772 3978 ἐν
789 3921 862 3995 ποίαςΙ
880 3924 911 3995 τῇ
932 3924 961 3996 γῇ
980 3921 1094 3979 πόλεων.

231 4022 260 4088 4)
281 4023 314 4072 cf.
335 4022 396 4072 edit.
417 4022 540 4071 Bursiani
558 4021 647 4070 Turici
671 4019 748 4070 1867.
771 4020 888 4086 prolegg.

231 4114 261 4180 5)
279 4115 453 4165 Inveniuntur
472 4113 578 4180 quidem
602 4114 630 4162 in
653 4118 712 4162 octo
731 4112 861 4177 prioribus
880 4129 984 4180 quoque
1007 4113 1093 4178 libris,
1118 4111 1202 4179 quibus
1217 4102 1263 4169 cl*
