2618 4614
645 221 795 320 joa-—

147 425 303 488 contraria
324 424 421 509 igitur
442 413 578 488 efficitur
599 425 755 490 sententia
776 447 814 488 ac
836 423 982 489 debebat.
1024 422 1215 507 Legendum
1240 446 1298 509 pro

149 526 224 610 „osia
248 525 377 607 ἀκικής“
401 525 458 610 „ori
481 527 716 614 κακοπινήςαῑ).
760 527 829 592 Iam
859 527 1125 613 opsartytieorum
1153 535 1299 591 auctores

146 630 209 696 duo
232 639 395 712 secuntur,
423 639 497 716 post
524 653 603 716 quos
625 631 658 693 in
679 631 871 695 comicorum
898 631 975 694 iocis
997 629 1207 714 congerendis
1230 652 1300 715 per·

145 735 240 818 gitur.
291 733 356 798 Sed
381 773 423 783 —
450 743 486 798 ut
515 736 659 798 omittam
687 735 866 799 trimetrum
895 773 935 782 -
963 741 1063 798 toturn
1093 731 1174 797 illud
1204 755 1300 797 enun-

146 837 258 901 tiatum
280 843 407 922 praeter
427 836 527 902 verba
548 839 601 901 καὶ
623 837 655 901 οἱ
676 837 717 901 τὰ
734 834 954 927 Ὀψαρτυτικὰ
975 876 1016 886 -
1037 835 1162 924 Λοκρὸς
1183 845 1300 923 poetae

145 941 230 1027 sapit
250 938 403 1005 fabricam
411 942 448 1027 ²),
470 947 506 1003 ut
525 939 668 1026 quisquis
688 941 747 1004 scit
768 962 864 1026 quam
883 962 978 1025 saepe
993 939 1118 1004 mediae
1131 961 1302 1026 novaeque

145 1042 327 1108 comoediae
349 1052 463 1129 poetae
485 1044 653 1129 scriptores
675 1065 781 1106 rerum
803 1042 1025 1107 culinariarum
1039 1052 1302 1127 commemorent,

145 1147 352 1232 meminitque
380 1146 472 1210 nobis
498 1144 549 1208 hic
578 1167 650 1209 eum
679 1146 806 1210 comicis
833 1169 901 1212 rem
930 1168 1009 1231 esse,
1039 1169 1150 1212 omnes
1174 1168 1303 1211 mecum

143 1249 247 1314 facere
268 1256 379 1336 putem
400 1248 477 1313 haec
499 1270 625 1334 quoque
647 1271 689 1313 ex
711 1249 874 1314 comoedia
892 1249 1031 1316 delibata
1044 1273 1114 1316 esse
1129 1257 1302 1316 statuente.

144 1353 288 1438 Uterque
314 1361 423 1416 auctor
450 1350 574 1416 Siculus
601 1359 664 1416 est:
698 1361 815 1438 quanto
838 1375 935 1439 opere
959 1376 1035 1419 vero
1049 1353 1195 1418 floruerit
1222 1355 1304 1417 anti-

144 1456 305 1542 quissimis
321 1456 385 1520 iam
406 1453 603 1541 temporibus
623 1453 732 1518 inillis
753 1457 936 1542 regionibus
958 1458 977 1539 ἡ
995 1456 1155 1544 μαγειρική
1173 1465 1206 1522 et
1221 1455 1303 1540 ὀψο-

143 1559 263 1643 ποιική,
300 1558 402 1622 tribus
435 1557 637 1623 manifestum
665 1559 703 1624 fit
736 1561 917 1625 nominibus
950 1560 1118 1626 Philoxeni
1146 1560 1303 1624 Mithaeci

142 1661 348 1727 Archestrati.
391 1661 445 1724 Ex
470 1660 620 1725 Mithaeci
641 1662 783 1728 Platonis
812 1663 952 1750 aequalis
962 1667 988 1751 ³)
1018 1663 1223 1751 ὃψαρτυτικῷ
1250 1661 1304 1728 vel

143 1764 300 1851 ὀψοποιία
332 1767 471 1845 Σικελικῇ
504 1765 565 1828 tria
596 1765 682 1851 apud
714 1766 915 1832 Athenaeum
947 1775 1073 1832 exstant
1102 1766 1302 1852 fragmenta:

142 1892 198 1933 eur
219 1891 386 1933 vereamur
407 1868 502 1932 aetati
523 1866 630 1953 paullo
655 1869 796 1935 inferiori
818 1869 1019 1935 Heraclidem
1027 1871 1053 1957 ⁴)
1075 1861 1301 1955 Glaucumque

141 1973 291 2057 tribuere,
307 1993 380 2035 cum
395 1973 574 2036 coniectura
588 1995 690 2058 paene
704 1974 883 2038 necessaria
898 1974 938 2036 sit
952 1995 1007 2037 eos
1020 1974 1054 2036 in
1067 1973 1139 2058 ipso
1151 1971 1301 2037 Alexidis

142 2078 278 2161 Λεβητίῳ
286 2077 313 2162 ⁵)
336 2074 434 2139 fuisse
448 2075 637 2157 nominatos,
659 2075 744 2140 unde
758 2075 844 2140 haud
857 2077 902 2140 ita
917 2076 1051 2141 scienter
1064 2097 1119 2140 eos
1134 2083 1301 2140 mutuatus

146 2180 187 2242 sit
209 2179 276 2243 sive
297 2177 378 2242 Iuba
399 2178 466 2242 sive
487 2177 694 2243 Athenaeus?

226 2280 410 2367 Coquorum
433 2282 488 2366 qui
509 2283 672 2346 scientiam
693 2276 804 2346 litteris
826 2281 1017 2348 mandarunt
1044 2282 1141 2346 series
1164 2281 1298 2346 Batonis

142 2385 174 2450 έν
200 2382 381 2473 Εὐεργέταις
410 2384 588 2468 fragmento
620 2384 727 2449 multis
755 2384 936 2450 nominibus
966 2385 1092 2450 ditatur.
1142 2383 1297 2469 Legimus

142 2487 224 2552 XIV
245 2487 412 2560 ceneda

309 2579 396 2672 qu'
424 2579 448 2655 ὦ
472 2590 591 2676 Σιβύνη,
613 2589 672 2668 τοὶς
694 2591 806 2668 νύκτας
829 2591 865 2656 οὗ
888 2591 1085 2672 καθεύδομεν

142 2938 228 2992 tibus“
246 2940 288 3007 [cf.
302 2941 344 2994 Et.
358 2941 395 2991 M.
409 2941 471 3004 395,
485 2939 501 2986 4
515 2957 535 2991 s.
550 2958 574 2991 v.
592 2933 704 3008 εὐειδής]
718 2942 753 2992 ad
770 2944 916 2994 orationem
928 2943 971 2993 vel
989 2958 1074 3010 genus
1094 2942 1202 2993 dicendi
1214 2959 1292 2993 venu-

142 3039 225 3098 stum,
251 3032 363 3083 nitidum
390 3031 432 3098 [cf.
453 3032 508 3084 Cic.
530 3033 564 3082 ad
582 3033 636 3084 Att.
657 3034 718 3097 XII,
740 3033 764 3084 6.
785 3035 819 3084 al.
865 3037 944 3088 Dion.
969 3035 1086 3087 Heldo
1111 3052 1199 3102 comp.
1223 3035 1291 3086 verb.

143 3127 205 3178 301.
221 3125 283 3178 329.
302 3126 417 3190 Longin.
433 3125 515 3188 XXX,
528 3123 552 3190 1]
572 3125 714 3175 translatas
733 3127 813 3176 verbo
834 3120 928 3190 ἀκινής
946 3132 1053 3195 praeter
1069 3127 1195 3178 traditam
1214 3128 1292 3193 signi·

141 3219 292 3269 ficationem
312 3219 471 3268 contrariam
491 3232 594 3283 quoque
613 3218 782 3268 vindicarunt
802 3217 968 3285 „inunctus“,
990 3217 1169 3286 „impolitus“.

217 3310 245 3376 1)
264 3311 307 3361 Ad
331 3303 472 3379 auuoaqu'g
498 3309 531 3359 cf.
557 3309 651 3359 Athen.
671 3311 750 3375 XIII,
775 3310 858 3363 osse.
897 3311 977 3378 Soph.
996 3313 1070 3364 Aias.
1092 3312 1155 3363 381.
1182 3308 1226 3364 ἐπὶ
1248 3309 1293 3381 τῆς

143 3400 216 3465 ἰδέας
240 3403 354 3468 proprie,
379 3399 422 3453 ἐπὶ
443 3399 491 3454 τοῦ
520 3393 609 3470 ἤθους
637 3403 774 3453 translate.
813 3403 846 3454 cf.
870 3404 987 3471 Hesych.
1015 3398 1160 3474 κακοπινής
1179 3416 1186 3430 ·
1205 3397 1292 3471 κακός,

144 3488 286 3564 pollestris.

216 3586 245 3651 2)
265 3585 330 3648 Quis
350 3586 462 3635 enimin
480 3586 597 3652 pedestri
609 3602 742 3638 sermone:
761 3581 777 3656 ἡ
794 3583 925 3660 μαγειρικὴ
946 3583 995 3658 οὐχ
1014 3582 1139 3660 ἁρμόττει
1152 3581 1205 3640 ἀλλ’
1230 3581 1292 3639 οὐδὲ

142 3680 199 3740 τοῖς
217 3672 324 3745 τυχοῦσι
342 3673 393 3726 τῶν
412 3671 580 3749 dandaque?

217 3766 246 3834 3)
266 3767 300 3818 cf.
320 3767 401 3833 Gorg.
421 3769 505 3820 5181).
543 3770 639 3820 Athen.
658 3771 707 3836 III,
731 3772 807 3822 112d
820 3773 942 3836 e.-—VII,
962 3771 1046 3822 assa.
1067 3772 1146 3825 325f.

216 3862 244 3926 4)
264 3860 360 3912 Athen.
379 3861 446 3920 XII,
476 3862 550 3912 5160
576 3863 627 3914 duo
652 3864 811 3914 Heraclidae
832 3863 992 3928 Syracusani
1016 3865 1086 3914 inter
1111 3858 1294 3936 ὀψαρτυτικῶν

143 3959 264 4006 auctores
277 3955 455 4020 nominantur,
475 3956 586 4007 fortasse
606 3971 704 4006 errore:
724 3955 902 4006 desideramus
916 3956 950 4006 H.
964 3957 1136 4007 Tarentinum
1151 3958 1293 4009 medicum.

82 4098 85 4103 ,
217 4045 245 4112 5)
266 4047 327 4098 Seio
346 4048 374 4097 in
387 4047 505 4098 AlexidIs
524 4041 615 4115 λέβητι
631 4048 768 4098 Glauciam
788 4065 881 4099 cocum
899 4049 1039 4114 nominari,
1064 4049 1112 4100 sed
1132 4045 1226 4118 ἐπέχω.
1259 4051 1293 4102 cf.

54 4060 104 4327 b
142 4136 266 4190 Meineke
284 4139 379 4206 fragm.
399 4157 465 4192 com.
486 4140 531 4191 Gr.
551 4140 601 4204 III,
622 4139 683 4190 440.
