2618 4614
634 205 783 304 ..P-6-

138 407 211 491 περὶ
233 403 352 488 ἀνθῶν,
382 408 453 494 περὶ
475 405 629 495 ὀσπρίων,
658 409 730 493 περὶ
752 406 980 491 deopertum),
1008 406 1080 493 περὶ
1109 402 1284 489 ἀρωμάτων

139 509 196 573 Sin
210 532 286 574 vero
309 510 416 574 omnia
435 512 625 595 respexeris,
648 532 730 596 quae
748 509 908 596 Pamphili
929 509 1118 573 auctoritate
1137 509 1283 591 citantur,

136 604 260 676 videbis
287 611 374 697 apud
402 634 474 676 eum
501 615 572 696 περὶ
598 617 680 677 ναῶν
708 614 799 697 ἱερῶν
828 633 954 697 quoque
977 609 1026 698 [cf.
1053 610 1170 674 Athen.
1199 609 1282 672 XIII

136 714 198 778 572
213 713 241 802 e]
270 722 303 779 et
329 717 400 802 περὶ
427 714 575 795 οἰκήσεως
606 715 655 804 [cf.
677 721 722 785 nt,
744 716 788 780 M.
811 715 882 795 521,
905 713 956 801 28]
989 720 1021 777 et
1047 715 1119 797 περὶ
1146 713 1282 799 δένδρων

138 816 264 905 [Athen.
286 817 430 882 111850.
452 817 594 906 Hense]
618 840 795 882 samonem
816 817 922 881 fuisse.

218 918 343 983 Vestini
375 922 515 1007 epitoma
546 921 717 986 secundum
748 920 915 1005 suidams)
950 926 1099 1005 quattuor
1129 916 1282 982 librorum

133 1022 206 1104 fuit3
228 1022 421 1106 Diogeniani
436 1025 586 1110 quinque.
621 1023 711 1088 Haeo
724 1023 784 1087 fuit
798 1020 878 1087 κατὰ
894 1030 1060 1101 στοιχεῖον;
1081 1021 1150 1085 veri
1164 1018 1282 1083 similli-

133 1147 222 1187 mum
236 1125 335 1209 igitur
348 1124 434 1190 illam
450 1126 592 1191 ordinem
607 1127 781 1191 secundum
795 1148 846 1190 res
861 1147 1013 1189 servasse.
1044 1123 1098 1188 Sic
1112 1145 1282 1209 possumus

133 1227 175 1292 ad
203 1227 430 1312 glossariorum
458 1228 584 1294 illorum
612 1230 753 1314 inopiam
782 1228 982 1292 descendere.
1025 1226 1123 1312 Apud
1151 1212 1281 1290 Latinos

132 1353 197 1395 non
212 1331 379 1395 defuerunt
394 1332 559 1413 „ordinata
573 1329 727 1413 Graeca“‚
748 1332 897 1394 nimirum
919 1330 1113 1394 onomastiea
1127 1329 1169 1393 ad
1184 1328 1281 1394 Grae-

132 1455 241 1496 corum
273 1433 438 1520 exemplar
469 1433 673 1499 conformata.
722 1432 901 1520 Magistelli,
935 1434 990 1518 qui
1017 1430 1156 1499 Graecos
1184 1431 1281 1497 latine

132 1535 294 1600 Romanos
325 1558 438 1621 graece
460 1537 574 1601 docere
601 1529 783 1618 v'oluerunt,
812 1535 942 1600 Graecis
964 1535 1110 1600 Romana
1129 1535 1281 1600 Romanis

134 1636 258 1703 Graeca
293 1639 593 1723 accommodabam
629 1639 743 1705 deinde
779 1641 996 1704 onomasticon
1031 1636 1109 1701 illud
1146 1637 1280 1704 Graeco-

130 1740 281 1805 Latinum
303 1742 355 1807 vel
375 1743 482 1828 potius
505 1744 699 1807 onomastica
720 1740 774 1805 illa
796 1780 834 1789 —
856 1765 931 1806 nam
951 1740 1045 1827 plura
1065 1743 1129 1804 iam
1152 1743 1281 1805 eircum-

130 1842 313 1909 ferebantur
334 1884 376 1893 —
396 1846 430 1908 in
451 1867 567 1932 eorpus
588 1844 761 1910 intulerunt
788 1847 1148 1930 interpretamentorum.
1192 1844 1282 1908 Haec

131 1954 167 2009 ut
188 1945 325 2011 dixerim
347 1946 460 2012 umbra
482 1957 539 2033 est,
569 1971 632 2034 qua
653 1949 761 2034 operis
779 1945 956 2033 Pamphilei
978 1948 1072 2011 etiam
1094 1947 1188 2011 nobis
1209 1945 1281 2011 licet

133 2072 305 2134 agnoscere
326 2050 471 2116 habitum
494 2060 669 2115 externum.

206 2345 232 2409 1)
252 2346 312 2395 Huc
331 2344 470 2395 referenda
489 2349 516 2395 et
533 2345 689 2411 poculorum
715 2345 824 2395 nomina
850 2351 877 2394 et
896 2360 960 2394 vasa
985 2344 1145 2409 coquinaria,
1172 2360 1282 2410 quorum

131 2438 159 2486 in
183 2437 319 2501 glossariis
343 2452 397 2487 non
418 2437 545 2488 hahemus
570 2436 674 2501 singula
698 2438 794 2501 capita.
831 2438 926 2487 Mirum
951 2441 1049 2502 quanto
1073 2435 1237 2501 frequentior
1254 2437 1281 2485 in

131 2529 262 2580 Athenaei
280 2529 297 2579 l.
310 2530 350 2579 XI
366 2530 499 2596 Pamphili
516 2530 642 2580 memoria
661 2543 739 2593 quam
756 2530 785 2578 in
804 2530 897 2579 ceteris
917 2529 1046 2579 omnibus.

173 2643 175 2646 ·
206 2620 234 2686 2)
252 2622 308 2672 Nee
325 2621 532 2672 obliviscendum
551 2620 632 2672 schol.
653 2636 735 2686 marg.
755 2621 790 2670 ad
804 2621 912 2685 Gregor.
925 2621 991 2670 Nan.
1005 2621 1066 2685 epit.
1079 2620 1108 2668 in
1123 2624 1190 2684 patr.
1211 2619 1282 2684 apud

131 2715 242 2765 Montes.
255 2715 284 2763 in
297 2714 363 2764 diar.
376 2714 437 2764 Ital.
452 2713 517 2762 214:
537 2711 599 2783 περὶ
616 2711 743 2782 σταθμῶν
761 2725 768 2740 ·
779 2707 809 2763 τὸ
822 2707 949 2762 τάλαντον
962 2702 998 2773 ὃς
1011 2722 1076 2780 φησι
1088 2705 1226 2781 Διόδωρος
1237 2749 1243 2762 .
1256 2748 1262 2762 .
1275 2749 1281 2761 .

133 2803 161 2857 ἐκ
188 2803 239 2855 τῶν
263 2801 432 2869 Διογενιανοῦ
467 2803 515 2874 τῆς
546 2801 674 2874 ἐπιτομῆς
707 2803 758 2856 τῶν
787 2799 932 2871 Οὗηστίνοα
960 2800 1099 2870 ἑλληνικῶν
1133 2795 1280 2876 ὀνομάτων.

131 2898 322 2962 Transseripsit
349 2896 416 2947 haec
445 2902 637 2948 commentator
662 2897 782 2962 Gregorii
810 2913 842 2946 ex
867 2895 973 2946 scholiis
996 2895 1042 2944 BL
1064 2895 1156 2945 Iliadis
1180 2896 1203 2944 E
1229 2896 1281 2945 576

131 3007 157 3055 p.
174 2989 223 3037 167
239 3004 255 3038 a
274 2989 299 3052 3,
322 2989 368 3039 ubi
385 3004 456 3039 nune
474 2990 608 3040 intercidit
625 2987 676 3040 τῶν
696 2982 851 3056 otpertus.
888 2989 1000 3038 Plenum
1019 2986 1140 3052 Gregorii
1161 2987 1281 3039 scholion

130 3081 249 3132 invenies
269 3081 339 3146 apud
358 3081 390 3131 E.
409 3081 639 3132 Piceolominium:
664 3083 775 3132 Estratti
796 3080 890 3130 inediti
915 3080 939 3130 d.
967 3079 1053 3130 codici
1070 3078 1148 3130 Greci
1172 3080 1197 3130 d.
1217 3081 1280 3131 bibl.

131 3172 201 3222 Med.
223 3173 311 3233 (Pisae
326 3171 406 3239 1879)
424 3191 451 3240 p.
464 3174 506 3223 11.
525 3190 551 3224 n.
568 3173 609 3227 71,
647 3174 829 3238 Diogenianus
848 3173 927 3237 igitur
945 3188 1000 3222 non
1018 3173 1105 3237 ipsum
1114 3172 1281 3238 Pamphilum

131 3263 179 3314 sed
204 3265 347 3329 epitomem
365 3266 469 3316 Vestini
495 3266 568 3330 adiit,
597 3266 692 3332 quique
716 3266 882 3332 Diogeniano
910 3265 1057 3314 tribuerunt
1082 3264 1225 3329 epitomum
1249 3280 1280 3314 ex

131 3355 269 3421 Pamphilo
294 3357 399 3422 factam,
425 3360 512 3409 minus
541 3364 664 3409 accurate
688 3358 770 3407 locuti
793 3363 864 3407 sunt.
906 3358 978 3406 Hinc
1004 3363 1030 3406 et
1058 3357 1128 3422 quod
1156 3373 1280 3408 numerus

132 3442 155 3498 δ’
175 3464 222 3513 pro
247 3449 333 3512 priore
359 3451 473 3514 epitoma
496 3452 574 3501 nimis
597 3450 735 3500 videbatur
758 3450 876 3514 exiguus,
901 3449 1086 3498 concluserunt
1106 3465 1149 3500 vv.
1170 3449 1214 3501 dd.
1232 3466 1280 3516 pro

133 3536 177 3588 ΔΑ
199 3542 320 3590 restituta
338 3541 445 3592 Vestini
467 3544 599 3609 epitomae
622 3542 731 3606 triginta
752 3541 833 3592 libros
861 3540 1023 3593 tribuendos.
1061 3541 1126 3591 Utut
1150 3557 1214 3592 vero
1239 3559 1280 3592 res

131 3631 272 3696 sehabet,
298 3648 375 3682 nemo
400 3638 489 3697 potest
510 3634 670 3685 verisimile
695 3633 804 3683 reddere
827 3634 881 3683 iam
899 3634 1039 3684 Vestinum
1064 3634 1183 3684 ordinem
1202 3635 1279 3684 Pam·

132 3723 197 3788 phili
216 3725 364 3775 sustulisse:
383 3725 435 3775 hoc
454 3726 613 3791 Diogeniani
631 3725 688 3775 fuit.

54 3998 211 4336 ἱ
438 3998 966 4106 *νωντνανμ-
