2618 4614
650 201 691 264 28

264 398 301 462 τὰ
325 398 531 487 ἁγνευτήριον.
707 426 753 467 ου.

266 502 283 565 ὁ
308 500 420 586 βωμὸς.
707 511 754 571 οὗ.

263 603 300 668 τὸ
323 606 559 692 θυσιαστήριον.
705 632 751 673 ου.

262 704 299 771 τὸ
322 705 418 772 ὅσιον.
702 735 750 775 ου.

266 807 302 874 τὰ
325 814 425 874 θεῖον.
707 837 753 878 ou.

264 1013 300 1078 τὸ
325 1011 449 1079 ἄδυτον.
708 1043 755 1084 ou.

265 1117 282 1181 ὁ
306 1113 468 1205 ἅδυτοςῐ).
708 1146 754 1186 ou.

263 1223 300 1285 τὸ
322 1221 484 1300 σπήλαιον.
709 1248 755 1289 ου.

263 1320 300 1387 τὸ
324 1320 429 1402 ἄλσος.
690 1349 753 1401 ους.

263 1425 300 1489 τὸ
323 1425 409 1513 ἱερὸν
429 1432 466 1493 τὸ
486 1429 517 1494 ἐν
540 1424 636 1494 ἄλσει.

264 1526 300 1592 τὸ
322 1530 408 1615 ἱερὸν
430 1531 539 1609 πανὸς.

265 1633 298 1696 αἱ
320 1635 424 1719 δᾷδες.
702 1642 753 1702 ὢν.

265 1736 295 1798 ot
316 1736 430 1810 ἱππεῖς.

263 2868 300 2933 τὸ
324 2869 438 2948 ξόανον
457 2874 513 2950 τῆς
535 2869 666 2950 ἀδηνᾶς.

264 2971 303 3035 τὰ
328 2971 500 3053 ἀγάλματα.
706 2995 755 3037 ων.

266 3075 298 3138 αἱ·
320 3075 442 3149 εἰκόνες.
701 3098 751 3139 ων.

265 3179 296 3242 οἱ
317 3177 507 3265 ἀνδριάντες.
701 3200 751 3242 ων.

263 3280 303 3346 τὰ
326 3278 520 3363 ἅνδριάνδια.
703 3304 752 3344 ων.

264 3386 296 3449 αἱ
316 3383 486 3463 λαμπάδες.
701 3406 751 3446 ων.

840 402 1029 466 Samarium.

839 506 914 570 Ara.

837 607 956 671 Altam.
982 606 1200 673 Sauctuariun

837 709 1200 776 Sanctum.Pium.(iast1

838 813 973 878 Numen.
992 812 1140 879 Sacrum.
1164 815 1200 879 D

929 938 1016 980 num.
1042 915 1199 981 Sanctum

839 1018 993 1104 Adytum.

841 1121 1015 1187 Secretum.
1037 1121 1187 1188 Interior.

840 1225 986 1290 Antrum.
1012 1223 1185 1310 Spelunca.

839 1328 956 1392 Lucus.

840 1430 974 1494 Fanum.

841 1531 1008 1618 Lupercal.

838 1635 974 1700 Taedae.

745 1789 752 1805 .
836 1739 1010 1824 Equestres
1019 1739 1056 1826 ²).

265 1837 304 1901 τά
328 1837 527 1920 ἀναθήματα.
703 1865 753 1907 ων.

265 1941 305 2005 τὰ
327 1943 592 2032 παραδήματαθ).
704 1968 755 2010 ων.

259 2044 283 2108 δ
307 2044 434 2124 κόσμος.
707 2072 754 2113 ου.

266 2149 299 2212 αἱ
320 2147 508 2237 ἀναγραφαὶ.
705 2155 755 2215 ῶν.

265 2252 298 2314 αἱ
319 2256 499 2339 §munumina
699 2258 749 2318 ῶν.

264 2351 304 2418 τὰ
326 2355 487 2442 θρόνια4).
703 2378 754 2421 ων.

182 2524 184 2526 ,
269 2457 304 2520 tei
327 2460 426 2540 δῶρα.
703 2482 753 2523 ων.

263 2561 491 2646 mmmm
707 2584 753 2626 m

264 2661 411 2742 ἡάσπὶς.
688 2666 753 2738 δος.

265 2763 304 2829 τὰ
327 2764 434 2846 ξόανα.
703 2788 792 2831 ua

837 1842 1080 1906 Decoramenta.

840 1945 990 2030 Insignia.

840 2047 1080 2113 Ornamentum.

841 2149 948 2214 Tituli.

834 2253 990 2317 Picturae.

841 2354 969 2420 Sedilia.

838 2458 943 2523 Dona.

840 2559 1017 2646 Sceptrum.

841 2662 980 2749 Clipeua.

840 2765 959 2852 sigilla.

839 2868 1027 2933 Palladium.

843 2971 1027 3036 Simulacra.

835 3074 955 3139 Iconea
978 3074 1153 3161 Imagines,

838 3177 968 3242 Statuae
990 3177 1161 3246 humanae.

839 3279 1067 3367 statuculaen.

835 3383 1025 3469 Lampadea
1048 3384 1184 3452 faculae.

171 3926 200 3988 ὃ)
219 3926 275 3975 Nec
299 3941 422 3990 graetmm
448 3942 498 3976 nee
520 3926 632 3976 latinum
654 3925 784 3976 novimus.
837 3925 920 3976 Estne
944 3925 1011 3976 illud
1039 3921 1200 3998 ἀνδριαντάρ

98 4017 130 4070 ef.
144 4017 260 4068 Philon:
282 4017 419 4083 „Sigillum
433 4011 661 4088 ἁνδριαντάριον“.
690 4017 1023 4083 sch01.Lueian.Lexiph.
1038 4020 1062 4068 3.
1074 4048 1109 4052 —
1122 4017 1200 4082 „Stat

98 4107 201 4160 eulum“
221 4108 327 4162 Petron.
349 4110 391 4175 50,
413 4110 438 4161 6.
475 4110 571 4161 Fuitne
593 4107 812 4175 „statunculae“?
