2618 4614
288 905 605 991 SENTENTIAE
634 907 1075 982 CONTROVERSAE.

178 1182 204 1246 I.
238 1181 335 1268 Soph.
357 1181 457 1247 Elect.
480 1183 542 1248 363
564 1205 611 1269 sq.
634 1183 680 1248 sic
701 1182 773 1268 lego

239 1285 307 1365 ἐμοὶ
327 1286 386 1373 γὰρ
410 1286 488 1352 ἔστω
510 1285 599 1366 τούπ’
622 1285 671 1352 ἀεὶ
692 1292 799 1350 λυπεῖν
822 1285 916 1366 μόνον

238 1389 397 1472 βόσκημα·
420 1393 475 1469 τῆς
497 1392 554 1469 σῆς
576 1391 604 1452 δ’
628 1388 683 1453 οὐκ
706 1389 767 1476 ἐρῶ
789 1392 880 1469 τιμῆς
901 1397 1012 1467 τυχεῖν,

238 1513 296 1577 pro
318 1491 433 1555 tradito
455 1490 550 1572 τούμὲ
573 1490 612 1572 μὴ
635 1497 751 1558 λυπεῖν.

160 1592 202 1658 Π.
236 1592 334 1679 Soph.
357 1592 438 1658 Phil.
461 1618 512 1658 vv.
536 1594 596 1659 669
619 1616 687 1680 sqq.
712 1595 757 1657 sie
777 1593 929 1679 legendos
951 1602 1029 1680 puto

238 1695 351 1784 ἀρετῆς
372 1697 460 1762 ἕκατι
481 1699 571 1761 τῶνδ’
594 1696 769 1779 ἐπιψαῦσαι
791 1697 904 1777 μόνον·

236 1797 322 1873 ὅστις
345 1800 403 1887 γὰρ
426 1788 459 1863 εὖ
482 1803 563 1883 δρᾶν
585 1798 621 1863 οὗ
645 1798 758 1864 παθών
780 1800 953 1878 ἐπίσταται,

238 1900 356 1979 παντὸς
377 1903 484 1983 γένοιτ’
507 1898 723 1982 descripturos
744 1904 895 1988 κρείσσων
917 1903 1014 1987 φίλος.

238 2004 349 2069 deletis
377 2029 429 2069 vv.
458 2004 521 2070 670
543 2027 600 2091 σα,
634 2003 828 2069 Philoctetae
856 2003 982 2069 tributis
1010 2004 1080 2087 672,
1102 2006 1174 2088 673,
1199 2005 1263 2071 674

238 2107 357 2190 dimid,
379 2107 588 2193 Neoptolemo
603 2107 709 2172 verbis
724 2106 798 2171 inde
819 2130 839 2171 a
852 2109 906 2170 καὶ
928 2107 960 2171 σέ
974 2109 1000 2188 ν’
1015 2105 1138 2188 εἰσάξω,
1161 2108 1262 2172 altero

237 2229 270 2275 σε
285 2211 318 2273 iu
334 2233 370 2291 με
384 2218 514 2274 mutato.
551 2235 580 2275 v.
597 2211 659 2274 670
673 2231 732 2296 pro
752 2208 789 2274 oi>
805 2210 916 2274 παθών
937 2209 1073 2274 traditur
1088 2199 1121 2273 εὖ
1137 2209 1262 2279 παθών.

145 2311 205 2377 ΙΙΙ.
239 2312 470 2399 Triptolemum
522 2311 731 2398 Sophocleum
780 2311 933 2378 Welcker
984 2311 1109 2377 Griech.
1162 2313 1261 2399 Trag.

237 2438 333 2502 pagg.
357 2416 523 2481 301-310
544 2438 608 2479 non
629 2423 714 2480 recte
736 2414 896 2479 contendit
911 2413 998 2479 Celei
1020 2415 1152 2479 insidias
1176 2438 1262 2481 eom·

236 2516 366 2602 plexam
388 2540 456 2582 esse
479 2516 837 2604 (sec.Hyg.fab.147).
879 2518 933 2581 Ex
954 2518 1139 2603 fragmentis
1158 2516 1263 2584 elucet

166 2625 168 2628 ’
241 2621 293 2704 (cf.
315 2621 348 2683 iu
369 2621 481 2706 primis
495 2610 539 2684 'fn
562 2621 623 2685 538
646 2619 685 2684 N.
707 2620 804 2685 Dion.
827 2619 900 2683 Hal.
924 2628 987 2686 aut.
1009 2620 1026 2683 I
1050 2621 1102 2706 12)
1134 2621 1262 2707 Tripto-

236 2720 354 2786 lemum
381 2724 441 2787 iter
466 2746 558 2787 suum
588 2730 643 2786 aut
663 2721 805 2786 nondum
827 2745 896 2787 esse
917 2724 1096 2807 ingressum
1118 2732 1174 2786 aut
1195 2745 1262 2788 non

238 2824 417 2909 perfecisse.
454 2823 590 2890 Videtur
606 2824 778 2911 Sophocles
793 2824 1025 2910 Triptolemum
1039 2826 1127 2912 apud
1142 2824 1262 2890 Carna-

241 2927 369 2992 bontem
393 2926 546 2992 Getarum
571 2950 679 3012 regem
701 2926 914 3013 periclitatum
934 2929 1065 2992 finxisse
1094 2928 1147 3014 (cf.
1170 2929 1260 3015 Hyg.

238 3038 322 3114 poet.
345 3030 432 3094 Astr.
455 3030 489 3093 H
514 3033 560 3095 14.
604 3029 723 3095 Herod.
747 3051 778 3094 π.
803 3054 869 3110 μον.
892 3031 952 3109 rot.
975 3031 991 3093 Ι
1013 3033 1056 3116 9).

147 3133 203 3196 IV.
236 3133 364 3217 Fragm.
377 3156 418 3197 ex
429 3132 668 3220 Thesmophoro
679 3133 830 3218 Dionysii
849 3134 962 3197 comici
982 3134 1068 3220 apud
1079 3134 1197 3200 Athen.
1209 3136 1262 3200 IX

238 3236 333 3299 tote
356 3258 424 3323 sqq.
448 3237 564 3300 servati
585 3261 615 3300 v.
641 3237 677 3299 11
702 3237 789 3323 (pag.
812 3236 875 3299 405
890 3237 922 3321 a)
945 3237 990 3299 sie
1012 3246 1060 3301 est
1081 3236 1261 3323 explendus

240 3337 288 3426 [oi
310 3336 380 3426 γάρ]
405 3338 577 3427 στρατηγὸς
599 3343 661 3415 πᾶς
681 3340 803 3403 καλεῖθ’
826 3333 862 3414 ὃς
884 3334 922 3402 ἂν
942 3338 1019 3423 λάβῃ

240 3441 377 3521 δύναμιν.
420 3443 459 3505 cf.
481 3441 629 3506 Meineke
650 3440 701 3505 HI
722 3441 793 3507 548.
818 3435 821 3443 ¹

165 3542 205 3608 V.
238 3544 380 3608 Platonis
395 3546 428 3608 in
440 3545 563 3609 Timaei
577 3565 719 3629 prooem.
734 3566 808 3630 pag.
827 3545 865 3608 19
876 3543 908 3608 A
918 3543 958 3608 de
973 3543 1140 3609 custodum
1151 3544 1261 3610 liberis

239 3632 410 3711 educandis
431 3648 530 3713 verba
551 3647 606 3733 qui
627 3668 699 3710 cum
713 3644 919 3732 Reipublicae
941 3646 1106 3711 decadem
1127 3671 1162 3713 re
1182 3647 1262 3712 locis

240 3748 285 3833 (V
306 3748 419 3815 4600.
451 3750 513 3815 459
527 3749 600 3814 DE.
629 3750 689 3813 461
707 3749 743 3815 Ο.
794 3749 833 3814 cf.
855 3749 905 3813 ΙΠ
933 3749 995 3813 415
1009 3748 1075 3813 ΒΟ.
1104 3749 1260 3837 423013)

240 3852 398 3918 conciliari
419 3875 513 3940 posse
535 3853 726 3935 existimant,
751 3874 815 3917 non
836 3859 920 3917 recte
941 3851 1091 3917 iudicant.
1136 3851 1261 3940 (Goett

238 3955 306 4041 ling
340 3956 471 4020 Aristot.
507 3954 599 4024 Polit.
636 3953 735 4040 praef.
766 3953 877 4020 XIIII.
928 3953 1104 4021 Stallbaum
1139 3956 1173 4018 in
1210 3955 1259 4020 ed.

239 4057 385 4150 Reipubl.
404 4059 508 4127 Zeller
525 4057 643 4125 Philos.
666 4057 697 4127 d.
721 4057 846 4128 Griech.
870 4059 903 4125 Il
927 4060 955 4147 1,
972 4059 1031 4123 771
1055 4056 1127 4124 adn.
1150 4058 1195 4148 3).
