2640 4628
594 299 615 368 9

117 505 165 568 13.
209 506 281 590 περὶ
303 503 439 591 ἑρπετῶν
460 502 500 568 (16
522 501 731 589 serpentibus,

117 608 165 670 14.
210 608 280 692 περὶ
301 607 448 689 γεωργίας
469 604 509 670 (16
530 605 723 690 agricultura
744 605 804 691 (2).

116 711 165 773 15.
209 711 281 795 περὶ
303 708 438 791 δένδρων
460 705 500 772 (16
522 705 688 772 arboribus
712 709 724 792 (
747 713 770 794 j.

118 812 165 875 16.
210 812 281 893 περὶ
300 810 439 886 λαχάνων
460 808 499 874 (16
521 808 658 875 oleribus
682 811 695 895 (
717 811 742 895 ).

117 913 166 978 17.
210 916 281 999 περί
302 912 449 991 οἰκήσεως
471 911 511 976 (16
532 910 736 976 habitatione.

118 1017 167 1080 18.
210 1017 282 1103 περὶ
303 1015 480 1095 ένδομενίας
500 1012 540 1077 (16
563 1012 765 1100 supellectile.

117 1120 167 1183 19.
210 1120 281 1204 περὶ
303 1116 492 1203 ἀστρακίνων
513 1116 553 1180 (16
574 1115 734 1181 fictilibus.

115 1220 166 1284 20.
210 1221 282 1305 περὶ
302 1223 445 1296 τεχνιτῶν
466 1216 505 1284 (16
526 1218 709 1284 artificibus.

116 1323 167 1387 21.
211 1324 283 1407 περὶ
304 1322 434 1402 ἱματίων
455 1319 495 1386 (16
517 1323 724 1386 vestimentis.

115 1425 167 1490 22.
210 1426 282 1512 περὶ
303 1424 421 1487 πόλεων
443 1421 483 1487 (16
505 1422 695 1488 civitatibus.
816 1437 821 1444 “

115 1527 166 1591 23.
210 1528 282 1612 περὶ
303 1524 459 1612 ἀρχόντων
481 1524 520 1590 (16
542 1524 789 1611 magistratibus.

116 1629 167 1693 24.
210 1632 282 1713 περὶ
302 1628 440 1715 χρυσέων
461 1627 501 1693 (16
523 1629 636 1693 aureis.

115 1731 166 1794 25.
210 1733 282 1815 περί
303 1729 460 1818 ἀργυρέων
481 1729 520 1795 (16
542 1731 710 1815 argenteis.

115 1834 166 1897 26.
209 1835 280 1920 περί
300 1835 434 1911 χαλκέων
456 1832 496 1898 (16
517 1833 626 1897 aereis.

116 1935 167 2000 27.
210 1937 283 2023 περὶ
303 1937 453 2023 σιδηρέων
474 1935 514 2001 (16
534 1935 654 2000 ferreis.

116 2036 167 2101 28.
210 2041 283 2124 περὶ
304 2041 460 2114 ναυτιλίας
482 2036 521 2102 (16
543 2037 746 2122 navigatione
769 2037 827 2122 (2).

116 2140 167 2204 29.
211 2143 282 2227 περὶ
302 2141 444 2225 ἰατρικῆς
464 2139 504 2204 (16
525 2138 690 2204 medicina.

117 2242 168 2305 30.
212 2245 285 2326 περὶ
305 2247 455 2328 στρατιᾶς
478 2240 517 2305 (16
537 2239 659 2305 militia.

115 2343 177 2407 His
206 2343 288 2409 adde
316 2367 366 2410 ex.
394 2368 442 2430 gr.
469 2350 565 2428 caput
594 2344 665 2428 περί
685 2341 824 2430 ὀσπρίων
855 2341 913 2426 „de
934 2339 1176 2426 leguminibus“‚

70 2445 120 2510 rod
147 2447 181 2509 in
200 2446 286 2511 Mon.
315 2469 408 2510 suum
436 2445 533 2511 habet
558 2444 677 2527 locum,
706 2446 739 2508 in
765 2444 865 2509 Mont.
888 2453 920 2509 et
942 2443 1051 2529 Steph.
1081 2443 1178 2530 capiti

70 2551 106 2634 pl
126 2550 272 2636 γεωργίας
294 2547 354 2630 „de
375 2547 586 2633 agricultura“
615 2546 776 2612 adnexum
805 2554 939 2628 exstare,
968 2545 1049 2611 adde
1072 2545 1178 2610 omnia

70 2673 98 2716 re
121 2652 226 2737 capita
248 2674 345 2737 supra
366 2673 429 2715 non
451 2658 626 2740 memorata
646 2658 695 2715 ter
716 2648 828 2715 saltem
848 2649 997 2715 inveniri:

118 2755 170 2817 31.
213 2756 285 2838 περὶ
306 2752 441 2835 οὓρανοῐι
465 2751 504 2817 (16
526 2751 629 2818 caelo:
649 2751 740 2818 Leid.
761 2751 847 2816 Mon.
871 2750 980 2837 Steph.
1004 2751 1063 2836 (2).

118 2856 168 2921 32.
212 2858 284 2941 περί
306 2861 367 2920 τῶν
389 2852 512 2919 δώδεκα
533 2857 652 2942 ζῳδίων
680 2853 720 2920 (16
747 2853 916 2918 duodecim
944 2854 1059 2939 signis:
1086 2851 1176 2916 Leid.

212 2958 298 3023 Mon.
320 2957 420 3022 Mont.

119 3060 169 3124 33.
186 3059 189 3064 ’
214 3063 285 3143 περὶ
305 3063 447 3145 θεωριῶν
468 3058 508 3124 (16
530 3056 733 3145 spectaculis:
752 3057 842 3123 Leid.
864 3058 963 3123 Mont.
988 3056 1121 3148 steph„

119 3161 169 3226 34.
213 3164 286 3248 περὶ
305 3161 430 3249 τρόπων
452 3159 656 3247 ἀνθρωπίνων
683 3159 722 3225 (16
743 3160 884 3226 moribus
905 3160 1067 3225 humanis:
1089 3159 1175 3223 Mon.

213 3263 312 3329 Mont.
336 3262 445 3349 steph.

120 3365 170 3429 35.
214 3368 286 3450 περὶ
297 3367 416 3452 φύσεως
427 3363 625 3453 ἀνθρωπίνης
641 3363 680 3428 (16
694 3373 809 3429 natura
822 3364 973 3429 humana:
986 3362 1076 3429 Leid.
1092 3362 1177 3428 Mon.

213 3467 312 3533 Mont.

121 3571 171 3636 36.
215 3572 287 3658 περί
308 3571 480 3657 βρωμάτων
501 3568 541 3633 (16
563 3570 661 3635 escis:
682 3567 772 3634 Leid.
794 3567 880 3632 Mon.
902 3567 1002 3632 Mont.

121 3670 172 3738 37.
215 3675 287 3760 περί
309 3675 455 3738 σκυτίνων
476 3670 516 3736 (16
538 3673 683 3736 scorteis:
704 3669 794 3736 Leid.
815 3669 902 3734 Mon.
924 3669 1023 3735 Mont.

121 3774 172 3838 38.
217 3773 301 3861 [περὶ
320 3775 507 3863 γραμμάτων
520 3775 725 3850 διδασκαλίας
746 3771 787 3836 (16
807 3770 882 3836 ludo
903 3770 1070 3837 litterario:
1090 3771 1176 3837 Mon.

213 3875 314 3942 Mont.
338 3875 447 3963 Steph.
471 3874 611 3962 (Leid.)],

70 3999 97 4043 ec
116 3978 181 4042 iam
202 3977 406 4064 repugnabis,
436 3979 463 4042 si
491 3976 679 4043 contendero
702 3985 770 4041 arto
792 3974 955 4041 affinitatis
976 3971 1100 4038 vinculo
1122 3971 1179 4038 has

70 4080 179 4164 spitum
206 4078 405 4145 collectiones
426 4080 508 4145 inter
530 4102 563 4145 se
588 4079 770 4143 coniunctas
799 4100 878 4143 esse.
922 4077 1012 4158 Quae
1041 4075 1179 4160 suspicio

70 4189 181 4266 igetur,
209 4182 236 4245 si
266 4181 408 4247 ordinem
436 4204 498 4269 quo
526 4180 697 4246 decurrunt
722 4179 863 4265 respicis.
906 4177 936 4241 A
959 4178 1019 4242 diis
1045 4179 1179 4258 initium,
