2618 4614
572 234 720 337 -άί-

101 446 177 511 νικσίς
189 434 334 519 ὀνόμασιν
349 445 404 500 aut
418 437 516 522 capiti
530 438 603 525 ιτερί
617 437 737 525 φάσεως
753 437 898 518 σώματος
914 437 1111 527 ἀνθρωπίνου
1124 438 1217 502 tacite

103 537 237 629 additum}
264 538 374 603 XXX.
387 541 459 625 περί
469 538 566 619 γάμον
579 539 680 629 [cuius
690 541 826 624 vestigia
838 541 870 603 in
881 539 950 604 aliis
963 541 1022 606 sub
1034 541 1137 626 capite
1149 543 1220 627 περὶ

104 646 240 723 συγγενείας
269 639 557 731 deprehendimus].
597 641 699 706 LVII.
728 645 800 731 περὶ
826 646 991 717 πολιτείας.
1030 643 1119 708 LIX.
1147 645 1219 729 περί

104 767 186 824 νσμων.

162 847 220 913 Nec
244 845 561 934 praetermittendum
591 848 625 910 in
656 845 802 933 capitulis
836 847 875 912 de
907 850 1092 933 venatione,
1124 851 1219 914 ferra—

104 951 189 1014 mentis
207 950 343 1032 rusticis,
370 948 540 1034 vindemia,
568 947 699 1015 floribus
728 949 773 1038 [in
793 950 893 1015 Mont.
922 950 1088 1016 arboribus
1110 950 1219 1016 adiun-

102 1054 210 1142 guntur],
231 1051 446 1139 leguminibus
469 1052 514 1140 [in
534 1052 633 1117 Mont.
655 1062 831 1141 γεωργικοῖς
853 1052 1002 1134 ὀνόμασιν
1016 1054 1218 1142 ἱηεενωείων]

102 1152 221 1220 odoribus
242 1153 416 1220 admodum
437 1156 517 1218 raris
538 1155 569 1219 N
590 1178 662 1220 curn
685 1178 747 1220 una
768 1156 853 1222 Mon.
877 1157 1062 1221 consentire.

161 1258 273 1340 Restat,
295 1266 331 1321 ut
357 1257 472 1343 quibus
502 1265 617 1322 careat,
633 1258 790 1344 capitibus
810 1259 875 1322 NI
901 1281 1069 1345 exponam.
1112 1259 1219 1345 Atque

101 1361 211 1444 prinum
239 1360 368 1447 quidem
397 1361 516 1446 capita,
547 1382 628 1446 quae
658 1370 731 1425 sunt
753 1361 792 1426 de
814 1363 918 1426 aureis
940 1362 1097 1447 argenteis
1119 1364 1219 1426 aereis

100 1461 193 1546 semeis,
214 1503 253 1512 -
276 1464 388 1528 ceteris
409 1465 590 1528 communia
608 1503 650 1512 -
671 1465 705 1528 in
726 1464 756 1527 N
773 1465 790 1528 Ι
810 1486 875 1528 non
896 1463 1088 1547 indicantur,
1111 1487 1219 1550 quam-

101 1585 173 1650 quam
191 1588 253 1631 non
274 1565 503 1651 contradicam,
525 1567 553 1630 si
575 1567 645 1653 quis
667 1569 787 1651 putarit
807 1589 858 1631 res
879 1568 966 1652 ipsas
988 1576 1043 1631 aut
1064 1568 1220 1653 incapite

101 1670 154 1756 σερί
175 1668 349 1749 ἰνδομενίας
375 1678 431 1733 aut
457 1671 528 1752 περὶ
549 1666 685 1733 πλούτου
715 1691 757 1734 cx
778 1678 869 1756 parte
892 1678 1090 1734 enumeratas
1111 1670 1218 1734 fuisse.

100 1768 178 1856 Magis
191 1773 284 1838 etiam
303 1771 459 1836 mirabere
479 1793 538 1836 nec
552 1775 624 1860 περί
637 1775 794 1849 ναυτιλίας
809 1781 906 1859 caput
920 1793 979 1836 nec
994 1774 1065 1860 περὶ
1079 1773 1219 1858 ἰατρικῆς

101 1870 171 1960 [adde
194 1875 278 1940 Mon.
300 1875 351 1939 50.
380 1876 450 1962 περὶ
479 1872 618 1959 ἇρμίνων
646 1874 804 1962 ἰατρικῶν]
834 1875 867 1937 in
888 1874 918 1937 N
939 1873 957 1936 I
984 1874 1133 1958 inveniri,
1161 1896 1220 1938 nec

100 1976 180 2042 minus
200 1985 294 2064 caput
315 1979 387 2064 περί
407 1977 584 2063 ίστσνργίας
612 2016 651 2026 -
681 1977 712 2040 N
734 1977 768 2041 ΙΙ
789 1999 861 2041 cum
882 1976 968 2041 Mon.
992 1997 1157 2041 commune
1178 2017 1219 2024 —

101 2075 192 2151 deuse.
230 2081 302 2167 περὶ
329 2085 479 2167 στρατιᾶς
506 2087 612 2143 utrum
639 2081 672 2142 in
699 2080 729 2142 N
751 2079 785 2143 Π
814 2081 907 2144 utin
933 2081 1045 2143 ceteris
1074 2079 1219 2167 [excepto

99 2177 155 2271 Nl]
177 2183 303 2248 infuerit
330 2205 443 2266 necne,
480 2204 553 2246 cum
590 2205 720 2247 mancus
748 2185 805 2265 sit,
839 2181 976 2247 discerni
1005 2205 1070 2247 non
1096 2193 1218 2268 potest,

99 2292 160 2349 certe
183 2288 252 2375 περί
279 2284 468 2374 γραμμάτων
494 2287 698 2359 διδασκαλίας
722 2286 817 2374 [Mon.
842 2283 965 2372 steph]
992 2283 1044 2349 vel
1072 2287 1220 2349 διδασκα-

99 2386 160 2451 λείσσ
179 2388 299 2478 [Mona]
328 2410 410 2452 unus
432 2386 501 2451 NI
529 2409 593 2452 non
622 2389 783 2471 tractavit,
812 2410 871 2452 nec
899 2386 995 2451 habet
1025 2397 1121 2474 caput
1149 2393 1221 2473 περί

99 2493 259 2572 μίσασνιῶν
279 2490 379 2579 [Laid.
396 2488 517 2576 steph]
541 2498 596 2554 aut
617 2493 688 2578 περὶ
710 2491 872 2571 εἰσαγωγῆς
887 2489 991 2569 τέχνης
1006 2497 1220 2578 γραμματικῆς

100 2586 185 2676 [Most.
202 2592 334 2681 steph}
372 2591 600 2678 CapitaMont.
623 2595 695 2677 περί
720 2599 781 2658 τῶν
802 2589 866 2656 κατ’
893 2590 1011 2677 ἀγοράν
1033 2594 1220 2679 πραγμάτων

99 2700 121 2755 ct
136 2700 197 2785 περί
215 2695 379 2777 χειμώνων,
402 2693 512 2780 Steph.
528 2698 601 2783 περὶ
616 2695 778 2780 δερμάτων
796 2704 827 2760 et
842 2695 931 2782 ἐρίων
946 2695 1092 2760 omnibus
1108 2699 1220 2762 ceteris

99 2792 182 2865 deesse
201 2798 300 2865 verbo
322 2798 482 2862 monuisse
503 2799 579 2862 satis
600 2798 712 2864 habeo

160 2902 299 2984 Quaeris,
322 2921 378 2964 cur
395 2899 445 2965 his
459 2907 525 2964 tam
544 2899 599 2964 diu
613 2901 771 2966 immorer.
807 2901 933 2965 Docere
947 2899 1042 2984 volui,
1066 2911 1221 2988 quantum

98 2997 198 3070 intersit
216 3007 300 3070 inter
317 3002 378 3066 NI
399 3011 431 3069 εί
452 3011 556 3068 cetera
578 3005 860 3090 interpretamenta
879 3004 1020 3068 medium
1042 3005 1221 3070 tenentibus

96 3098 161 3170 ΝΠ
184 3117 215 3173 ct
239 3106 326 3172 Mon.
377 3105 442 3171 Sed
466 3105 539 3192 plus
561 3106 655 3171 ctiam
683 3115 760 3192 puto
787 3107 860 3172 inde
881 3107 1050 3172 lucramur.
1093 3108 1220 3172 Etenim

96 3223 151 3272 oum
170 3211 334 3276 rideamus
359 3208 455 3274 alium
484 3217 645 3273 auctorem
673 3208 735 3274 alia
762 3210 868 3295 capita
893 3208 1060 3274 adamasse
1087 3209 1149 3275 alia
1173 3235 1221 3276 rc-

96 3312 206 3397 tpuisse,
228 3312 292 3378 alia
311 3313 485 3399 antiquitus
506 3311 624 3376 tradita
641 3312 813 3376 semovisse
834 3310 897 3376 alia
918 3311 957 3376 de
978 3335 1034 3377 suo
1050 3311 1219 3399 addidisse,

93 3424 177 3480 nonne
196 3416 271 3481 inde
292 3454 335 3464 --
356 3416 495 3502 capitum
519 3413 645 3479 illorum
666 3423 779 3478 natura
799 3422 831 3478 et
852 3413 958 3479 indole
979 3417 1159 3480 examinata
1180 3457 1222 3466 -

95 3509 127 3577 de
142 3519 282 3602 consilio,
311 3541 374 3607 quo
400 3519 602 3605 potissimum
624 3516 737 3581 ductus
758 3518 1039 3602 interpretamenta
1060 3540 1117 3582 sua
1139 3540 1221 3584 com-

92 3625 223 3706 ponent,
245 3630 278 3687 et
299 3621 339 3686 de
360 3628 472 3705 aetate,
494 3621 584 3684 cuius
599 3618 763 3685 desideriis
778 3621 987 3703 inservirent,
1010 3622 1221 3687 coniecturam

92 3714 176 3790 facere
195 3723 292 3790 licet?
333 3723 379 3788 Ut
398 3732 508 3810 aperte
529 3722 648 3806 dicam,
675 3745 756 3809 quae
779 3724 924 3787 sentiam:
951 3725 1006 3810 qui
1028 3723 1067 3788 de
1090 3724 1221 3789 deorum

92 3822 161 3890 cultu
187 3838 218 3893 et
246 3825 434 3914 spectaculis
462 3825 597 3913 publicis
627 3832 692 3889 tam
718 3825 787 3889 fuse
808 3827 886 3910 egit,
915 3834 950 3891 ut
971 3829 1017 3890 eis
1040 3849 1096 3891 sex
1117 3828 1222 3913 capita

88 3922 256 4017 plusquam
278 3931 375 3995 ceteri
396 3931 557 4011 tribueret,
580 3928 635 4014 qui
656 3928 812 3992 mensium
827 3928 913 4014 apud
929 3928 1070 4015 singulos
1085 3929 1221 4016 populos

86 4034 200 4098 nomina
221 4057 281 4121 per
303 4032 442 4119 quinque
464 4032 569 4117 capita
590 4031 800 4113 enumeravit,
830 4032 885 4117 qui
906 4031 946 4095 de
967 4032 1062 4097 rebus
1085 4032 1220 4118 publicis

83 4138 233 4202 nonsatis
254 4134 367 4201 habuit
387 4156 451 4198 uno
474 4134 578 4219 capite
600 4131 683 4222 [περί
704 4131 872 4224 ἀρχόντων]
895 4141 1056 4217 tractasse,
1079 4133 1134 4198 sed
1157 4134 1220 4201 duo
