2618 4614
595 206 637 271 63

70 406 181 472 linem
228 408 317 475 velut
352 409 580 475 elementorum
624 409 714 494 sequi
749 406 898 472 maluisse
939 430 1036 493 quam
1080 431 1194 473 rerum.

70 511 175 594 nitto,
207 512 295 598 quod
321 512 400 577 haec
421 511 481 575 fuit
503 510 610 576 Caroli
631 510 826 574 Ferdinandi
848 510 965 575 Rankii
988 512 1110 596 opinio,
1141 513 1196 597 qui

70 612 151 676 hinc
174 616 410 703 quinquaginta
432 615 571 701 quinque
593 614 684 678 annis
699 614 780 678 hanc
795 615 1011 698 quaestionem
1027 613 1067 678 ad
1082 613 1196 679 lexico-

70 715 177 802 aphos
185 716 328 783 Graecos
336 716 571 802 cognoscendos
584 717 725 781 emnium
736 715 830 800 longe
841 717 1062 801 gravissimam
1074 718 1196 802 primus

70 819 192 885 idabili
215 825 348 908 opera¹)
371 823 487 887 movit:
512 819 613 885 Meicr
634 841 770 905 quoque,
794 841 866 883 cum
889 817 1012 882 duobus
1034 841 1196 904 program-

70 923 130 987 atis
158 922 358 989 Halensibus
384 946 482 1011 supra
513 922 659 987 indicatis
691 921 992 1006 glossographorum
1018 930 1050 985 et
1082 919 1196 987 lexico-

70 1025 236 1110 aphorum
252 1024 448 1092 Graecorum
462 1026 626 1091 historiam
643 1023 854 1106 adumbraret,
878 1023 989 1087 ecdem
1007 1024 1102 1088 modo
1118 1024 1196 1088 iudi-

70 1128 121 1190 vit
129 1129 172 1213 1);
206 1150 266 1193 nec
293 1130 593 1215 praetermittendus
622 1127 828 1207 Ritschelius‚
862 1127 916 1212 qui
948 1127 980 1189 11
1012 1125 1084 1190 libri
1115 1127 1196 1209 „Die

70 1230 338 1296 exandrinischen
359 1230 585 1297 Bibliotheken
613 1240 706 1295 unter
738 1230 800 1294 den
829 1237 933 1293 ersten
955 1228 1194 1294 Ptolemaeern“

70 1333 157 1418 rgina
186 1334 248 1397 134
280 1335 419 1420 scripsit:
447 1334 548 1416 „auch
570 1333 812 1418 grammatische
834 1331 965 1415 Wcrke,
993 1331 1044 1395 fiir
1066 1330 1116 1396 die
1138 1356 1197 1417 gar

70 1436 133 1500 eine
148 1435 327 1522 Abteilung
347 1436 428 1502 nach
441 1437 590 1501 Biichern
612 1435 814 1501 erforderlich
837 1433 913 1498 oder
933 1433 1045 1519 irgend
1059 1433 1196 1499 niitzlich

69 1561 115 1622 ar,
142 1538 338 1605 namentlieh
358 1539 494 1622 Lexica‚
522 1538 573 1604 die
599 1562 641 1603 an
669 1538 726 1603 der
753 1536 1011 1623 alphabetischen
1039 1536 1197 1622 Ordnung

70 1640 256 1707 ›llkommen
283 1665 391 1728 genug
417 1643 541 1727 hatten,
573 1639 726 1730 [wurden]
755 1639 898 1705 dennoch
926 1641 959 1703 in
981 1638 1107 1702 Biicher
1132 1662 1196 1703 zer-

69 1743 207 1809 rhnitten.
252 1745 324 1809 Wir
346 1746 493 1811 erinnem
513 1768 574 1810 nur
596 1767 637 1808 an
660 1743 843 1829 Stephanus
865 1765 929 1807 von
950 1743 1089 1827 Byzann
1120 1742 1196 1807 oder

69 1869 83 1909 1
107 1847 159 1912 die
187 1848 230 1911 95
251 1847 378 1914 Biicher
408 1848 464 1914 des
486 1847 649 1934 Zopyrion
675 1846 741 1910 und
769 1844 956 1932 Pamphilus
980 1847 1018 1931 (s.
1034 1845 1196 1910 Henrster-

69 1951 113 2013 uis
139 1974 179 2015 zu
210 1950 300 2016 Suid.
334 1951 359 2016 l.
387 1974 419 2038 p.
446 1951 536 2015 1374.
570 1950 619 2015 ed.
641 1950 730 2035 nov.)
763 1947 857 2013 nebst
884 1949 1104 2033 Diogenianus
1131 1948 1197 2015 und

69 2052 140 2117 ilius
161 2054 352 2137 Vestinus“;
382 2054 468 2140 quod
495 2054 524 2118 ei
546 2061 659 2139 postea
680 2072 817 2137 quoque,
848 2073 918 2114 cum
941 2052 1080 2136 primum
1103 2073 1196 2136 opus-

69 2155 184 2220 1101111
210 2156 361 2221 volumen
388 2155 498 2237 edidit,
526 2155 654 2220 videtur
679 2176 867 2240 persuasum
894 2153 1037 2240 11111103).
1086 2153 1197 2218 Altera

69 2281 88 2320 x
110 2268 200 2345 parte
227 2266 382 2323 stetenmt
409 2257 593 2345 Welcher⁴)
625 2265 657 2322 et
682 2255 804 2322 Weber
813 2258 839 2342 ⁵)
846 2306 855 2338 ‚
889 2257 942 2341 qui
975 2256 1107 2321 diversis
1134 2258 1196 2320 nisi

69 2363 237 2445 rgumentis
263 2384 369 2426 rerum
396 2361 539 2426 ordinem
561 2367 785 2447 poposcerunt.
828 2358 966 2423 Mediam
989 2361 1074 2424 viam
1096 2361 1197 2424 tenuit

69 2463 92 2527 1.
113 2464 301 2551 Schmidtil,
327 2465 383 2551 qui
404 2487 463 2530 nee
484 2465 710 2530 elementomm
733 2461 875 2526 ordinem
896 2459 1075 2546 neglectum
1097 2461 1197 2527 voluit

120 2654 147 2721 1)
169 2657 227 2722 „De
241 2656 320 2706 lexici
332 2656 498 2722 Hesychiani
510 2672 573 2707 vera
586 2655 687 2720 origine
702 2660 728 2705 et
740 2655 858 2719 genuina
877 2654 963 2705 forma
978 2656 1195 2706 commentatio“.

68 2748 152 2812 ipsine
172 2754 199 2799 et
211 2749 413 2814 Quedlinburgi.
436 2748 514 2800 1831.
535 2749 568 2798 cf.
587 2748 716 2812 imprimis
737 2762 795 2811 cap.
810 2749 841 2797 V.
863 2747 912 2806 „de
925 2746 1057 2811 Pamphili
1069 2748 1165 2811 glossis
1180 2763 1196 2796 a

68 2840 213 2906 hogeniano
234 2839 392 2906 excerptis“.
414 2841 446 2890 72
461 2857 518 2907 sqq.
557 2840 633 2890 Adde
647 2855 714 2906 quae
728 2840 873 2904 disputarit
885 2841 913 2890 in
927 2839 1031 2889 Ersehii
1045 2844 1071 2888 et
1084 2839 1195 2890 Gruberi

68 2935 131 2984 exieo
149 2935 200 2993 111,
220 2935 254 2999 X,
275 2933 325 2982 241
349 2950 369 2984 s.
389 2951 414 2984 v.
434 2933 596 2999 Pamphilus.

120 3026 147 3091 2)
168 3026 201 3078 cf.
223 3042 314 3092 opusc.
334 3025 410 3076 acad.
435 3025 471 3090 11,
492 3027 535 3075 44.
573 3025 663 3074 Naber
688 3039 792 3089 quoque
818 3021 860 3087 [cf.
880 3021 967 3071 Photii
986 3022 1099 3072 lexicon.
1119 3021 1194 3087 proll.

68 3114 97 3183 ,91
115 3124 140 3168 et
156 3117 278 3169 Laroche
299 3115 351 3184 [die
369 3117 470 3168 homer.
490 3117 637 3168 textkritik.
659 3115 719 3182 111]
741 3131 800 3164 cum
818 3115 923 3164 Rankio
942 3113 1069 3164 iecerunt.

120 3208 147 3277 3)
168 3211 202 3262 cs.
223 3226 314 3276 opusc.
335 3211 357 3275 1,
379 3210 431 3260 110
444 3228 482 3277 sq.

120 3300 148 3365 4)
167 3304 200 3353 In
214 3303 372 3354 recensione
391 3303 524 3353 uberrima
541 3301 602 3351 libri
620 3301 763 3364 Rankiani,
784 3317 851 3367 quae
872 3305 958 3351 exstat
976 3301 1004 3348 in
1023 3301 1090 3348 Mus.
1110 3298 1194 3351 Rhen.

68 3393 203 3461 1.[1834.]
226 3395 379 3445 269-302.
400 3394 545 3444 411-440
566 3415 601 3436 =
621 3410 711 3459 opusc.
732 3394 769 3456 11,
790 3394 842 3442 542
857 3408 912 3458 sqq.
934 3392 966 3442 ef.
988 3391 1040 3440 564
1054 3406 1110 3456 sqq.

118 3488 144 3551 5)
167 3489 227 3548 „De
240 3487 367 3554 Hesychii
380 3488 414 3538 ad
430 3487 573 3552 Eulogium
587 3484 715 3551 epistola“
731 3486 919 3535 commentatio
934 3501 947 3533 0
963 3499 1124 3548 programin.
1138 3499 1195 3532 ver·

69 3580 101 3630 nli
128 3596 251 3646 gymnas.
271 3581 371 3631 Vimar.
401 3581 511 3630 seorsim
539 3579 609 3645 typis
639 3578 779 3642 exscripta.
822 3576 899 3626 Halis
926 3575 1071 3626 Saxonum.
1116 3575 1195 3625 1865.

68 3673 206 3740 ilsssqq.
252 3672 392 3737 Copiosius
418 3671 514 3721 deinde
540 3672 568 3720 in
592 3670 724 3734 Philologi
749 3668 801 3719 vol.
828 3668 957 3734 supplem.
983 3669 1038 3732 III,
1064 3668 1116 3717 451
1138 3684 1196 3733 sqq.

68 3765 305 3830 Untersuchungen
323 3767 388 3816 iiber
407 3765 455 3814 das
473 3765 592 3814 Lexicon
613 3762 659 3812 des
678 3760 786 3826 Hesych
804 3776 857 3811 ven
875 3761 954 3824 Hugo
974 3760 1097 3810 wesen.

117 3859 147 3926 6)
178 3860 288 3921 Quaest.
316 3857 431 3923 Hesyeh.
459 3856 530 3906 LXI.
561 3854 667 3905 CLXX:
700 3853 797 3918 duplex
826 3853 981 3916 consilium,
1014 3852 1080 3902 duas
1107 3856 1197 3916 partes

68 3947 176 4013 λώσσας
196 3955 225 4001 et
243 3943 374 4018 ὀνόματα)
393 3950 493 4012 statuit,
513 3945 604 4013 [addez
625 3945 694 3996 CLV
706 3942 774 4010 sqq]
793 3946 831 3993 ita
854 3950 884 3994 ut
903 3945 950 3994 sub
974 3944 1085 4009 singulis
1103 3943 1197 3992 litteris

69 4045 156 4095 erint:
189 4038 260 4104 λέξις
285 4034 400 4112 τραγικὴ,
426 4037 495 4101 λέξις
514 4030 658 4109 Ὃμηρική.
690 4029 795 4086 ναυτικὰ
822 4028 956 4104 ὀνόματα,
987 4028 1104 4086 nolitis&
1134 4027 1196 4084 ὀνό-

68 4153 110 4187 1τα
129 4128 187 4186 ist
