2618 4614
644 204 687 268 54

89 405 232 472 eiusdem
271 406 397 490 generis
428 404 478 471 vel
518 405 627 472 elassis
665 407 937 473 denominationes
969 430 1012 473 ex
1042 409 1154 495 antiqui
1183 410 1190 429 '
1226 458 1240 463 -

86 509 208 575 horreis
237 507 444 574 eontulenmt.
473 550 515 558 —
542 509 715 577 Caesellius
736 509 866 575 Vindex
892 519 966 576 ante
987 510 1136 576 Hadriani
1235 529 1240 537 ·

87 636 166 700 pora
180 613 413 677 commentariis
434 611 606 679 lectionum
625 615 827 700 antiquarum
837 617 862 700 ¹)
877 612 929 679 vel
945 613 1152 700 stromateon

87 725 266 782 mentorum
288 714 430 781 ordinem
439 716 466 802 ³)
489 725 616 781 secutus
638 725 700 800 est3
723 715 865 782 Cloatius
886 726 993 783 autem
1007 717 1125 800 Verus„
1138 740 1173 805 qu

88 821 201 885 eodem
222 819 288 884 fere
309 827 453 904 tempore
481 817 579 884 fuisse
600 820 669 884 veri
690 829 740 884 est
764 819 876 905 simile,
904 829 1033 907 praeter
1053 818 1178 886 librosu
1232 818 1240 878 ἶ

86 922 200 988 horum
227 946 246 987 a
276 920 407 986 Graecis
415 922 442 1005 ⁴)
468 929 642 987 tractorum
675 921 892 988 ordinatorum
922 922 1117 990 Graecorum
1143 923 1197 989 lib'

86 1028 216 1091 nomina
236 1026 364 1090 videtur
385 1024 559 1089 seeundum
581 1047 642 1108 res,
665 1024 781 1112 quibus
803 1024 920 1091 fuerint
940 1025 1053 1109 indita,
1081 1029 1113 1091 in
1131 1028 1187 1115 oup'

87 1131 268 1215 digessisse,
302 1126 459 1214 siquidem
486 1151 528 1192 ex
562 1127 660 1193 altero
688 1126 870 1194 Macrobius
878 1129 904 1215 θ)
937 1152 989 1194 res
1023 1129 1159 1214 saorales,
1182 1152 1239 1196 ex*

87 1244 199 1320 quarto
228 1241 259 1298 et
285 1229 441 1296 malorum
470 1253 589 1316 genera
617 1230 792 1296 seeundum
821 1230 977 1299 elementa
997 1273 1041 1282 —
1061 1232 1112 1298 vel
1130 1234 1210 1319 potius

85 1337 223 1423 primam
244 1335 381 1400 litteram
396 1375 438 1384 —
453 1334 598 1399 ordinata
606 1336 633 1420 θ)
656 1342 688 1399 et
708 1333 787 1399 alios
807 1335 963 1423 fruetus')
985 1337 1093 1421 affert,
1123 1336 1211 1423 quibus

86 1438 268 1503 addendum
289 1439 432 1524 pirorum
440 1440 468 1522 ⁸)
489 1439 620 1502 nomina
639 1459 699 1503 nee
719 1459 784 1502 non
804 1437 936 1503 ficorum
944 1440 972 1526 ⁰)
996 1439 1108 1505 eodem
1127 1441 1183 1505 or'

87 1541 287 1607 decurrentia
308 1564 350 1606 ex
364 1540 481 1606 Cloatii
501 1540 582 1605 libro
597 1563 662 1605 non
684 1541 860 1627 significato
876 1540 983 1627 paullo
998 1551 1074 1628 post
1087 1541 1210 1609 adhiberi

87 1643 211 1709 Eodem
232 1643 366 1709 fortasse
388 1643 573 1709 referendus
600 1651 649 1706 est
669 1643 706 1708 P.
729 1643 856 1708 Lauinii
881 1642 963 1708 liber
985 1644 1026 1711 de
1047 1646 1149 1712 verbis
1166 1668 1211 1711 sor·
1234 1686 1238 1697 ·

85 1748 230 1834 didis10).
266 1747 320 1810 Ex
336 1745 481 1811 Suetonii
502 1745 591 1812 libris
614 1746 848 1832 quodammodo
870 1745 933 1811 hue
953 1747 1085 1832 faciunt,
1106 1748 1211 1835 quosiu

160 1920 187 1986 1)
207 1920 241 1971 ef.
260 1920 362 1972 Gellius
380 1936 408 1972 n.
421 1921 453 1971 A.
473 1921 520 1986 VI,
541 1922 565 1986 2,
589 1923 612 1972 1.
644 1922 677 1972 de
693 1921 808 1973 Caeselli
827 1924 957 1975 erroribus
977 1923 1085 1990 scripsit
1097 1925 1126 1987 Q.
1138 1924 1211 1974 Tena-

83 2016 135 2065 tius
155 2013 279 2065 Scaurus.
317 2013 556 2077 ee11.XI,15,3.
595 2014 628 2065 ef.
641 2015 687 2078 VI,
708 2015 733 2078 2,
754 2016 778 2066 2.
817 2015 977 2067 Caesellium
996 2013 1211 2083 reprehenditbul·

83 2109 168 2175 piolus
187 2106 361 2172 Apollinaris:
382 2105 505 2170 Gellii,
529 2105 570 2170 lt,
591 2105 617 2156 8.

158 2198 186 2263 2)
206 2199 240 2250 ei.
260 2199 426 2249 Priscianus:
446 2198 505 2247 Keil
526 2198 571 2249 Gr.
590 2198 651 2248 Lat.
672 2198 709 2263 11,
729 2198 791 2264 210,
813 2199 838 2253 7.
859 2200 920 2265 290,
943 2202 986 2252 11.

157 2291 187 2356 3)
207 2291 241 2342 of.
263 2291 411 2341 Charisius:
440 2289 501 2339 Keil
521 2290 566 2341 Gr.
586 2292 646 2342 Lat.
665 2291 687 2355 l,
709 2290 770 2356 117,
793 2293 834 2342 13.
860 2293 921 2358 299,
942 2292 985 2343 21.
1015 2293 1077 2358 tes,
1097 2293 1139 2344 30.
1176 2292 1211 2343 lix.

84 2403 122 2452 gr.
145 2385 265 2446 „Vindex
284 2384 308 2435 A
326 2384 431 2433 litterae
450 2382 516 2433 libro
536 2381 577 2434 I“.

159 2476 189 2542 4)
209 2478 243 2528 of.
263 2477 364 2528 Gellius
382 2475 460 2538 XVI,
482 2476 531 2540 12,
554 2476 583 2525 1:
608 2490 695 2525 errare
715 2468 835 2526 ἀπὸτοῦ
855 2471 949 2548 ἔρρειν.
993 2477 1122 2529 alucinari
1138 2471 1212 2529 itta.

84 2570 236 2620 faenerator
255 2565 406 2638 φαίνεσθαι,
427 2567 521 2634 quibus
539 2570 567 2617 in
587 2567 665 2618 rebus
677 2569 862 2634 Hypsicratem
879 2573 985 2619 secutus
1004 2575 1054 2634 est,
1074 2572 1117 2638 qui
1133 2568 1213 2635 soripe't

88 2678 183 2728 ,super
201 2661 250 2725 his,
270 2677 337 2727 quae
357 2661 494 2711 aGraecis
515 2664 627 2725 accepta
646 2659 734 2712 sunt“.
766 2660 884 2711 Macrob.
899 2661 954 2712 Sat.
967 2661 1019 2724 ΙΙΙ,
1035 2662 1078 2728 18,
1091 2665 1116 2714 4.
1133 2662 1212 2727 iugum

87 2775 120 2797 =
146 2755 200 2804 Diu
228 2753 305 2819 glans
335 2773 370 2796 =
399 2745 463 2813 Διὸς
491 2746 616 2820 βάλανος.
665 2753 818 2804 Notandum
847 2753 1022 2818 Theophrasti
1050 2750 1212 2806 testimoniml

86 2847 183 2914 [Antea
196 2847 295 2897 Gavius
308 2846 421 2896 Bassus:
442 2845 475 2894 de
495 2844 689 2909 significatione
703 2847 853 2897 verborum:
872 2846 978 2911 iuglans
999 2867 1034 2888 =
1053 2848 1124 2898 Iovis
1140 2840 1212 2912 glausl,

160 2936 189 3004 ὃ)
209 2938 261 3002 ΙΙΙ,
281 2936 305 3002 6,
327 2939 356 2986 2ι
376 2953 423 2988 ara
441 2937 574 3003 Apollinis
594 2934 745 3008 Γενέτορος.

161 3030 189 3095 6)
208 3031 261 3094 ΙΙΙ,
284 3029 325 3095 19,
346 3030 370 3080 2.

161 3120 262 3187 7)111,
284 3120 325 3186 18,
347 3121 375 3173 8:
397 3138 467 3188 „nux
487 3122 590 3173 Graeca
609 3119 776 3188 amygdale“.

159 3212 188 3280 8)
208 3215 257 3280 ΠΙ,
281 3214 322 3278 19,
344 3213 368 3264 6.

159 3303 189 3369 9)
209 3307 259 3370 ΙΠ,
280 3307 323 3369 20,
346 3308 369 3354 1.
417 3303 578 3372 ,Ordinata“
605 3305 671 3355 illud
694 3305 941 3371 lexicographorum
967 3307 1131 3359 Graecorum
1155 3302 1222 3357 tini·

88 3391 185 3448 ἄτακτα
205 3397 315 3467 συμμιγῆ
336 3395 452 3466 παμμιγῆ
479 3399 513 3448 al.
532 3400 682 3463 oppositum
703 3399 766 3464 quid
790 3399 839 3449 sibi
859 3399 936 3463 velit,
962 3401 1053 3451 neseio
1079 3401 1131 3450 nisi
1152 3406 1226 3450 reum!l

87 3492 317 3541 denominationes
343 3495 442 3540 eertum
468 3491 544 3556 sequi
569 3490 687 3541 ordinem
713 3490 857 3540 seeundum
882 3497 1039 3557 argumenta
1061 3493 1230 3545 constitutum·

90 3582 225 3648 ,Graeca“
247 3585 359 3633 audiunt
377 3599 431 3632 non
454 3587 509 3631 tam
529 3584 591 3648 quia
610 3582 784 3646 Graecorum,
811 3588 840 3632 ut
864 3598 896 3632 ex
920 3584 1077 3648 fragmentis
1096 3587 1235 3650 agnoscore

86 3675 157 3738 lieet,
177 3675 244 3724 ratio
264 3674 383 3739 habetur,
403 3691 482 3741 qnam
502 3676 564 3741 quia
575 3703 612 3708 -
626 3691 667 3725 me
687 3676 709 3725 si
728 3676 804 3726 audis
817 3705 853 3710 --
867 3675 998 3726 Graecum
1015 3692 1082 3742 opus
1095 3676 1236 3727 adhibitum

89 3773 129 3818 est
147 3768 190 3818 uel
208 3770 296 3832 potius
315 3783 362 3831 pro
382 3767 554 3817 fundamento
574 3767 672 3818 subest.

165 3859 211 3921 10)
232 3860 299 3911 Gall.
312 3860 370 3923 XX,
393 3860 434 3921 11,
457 3861 480 3911 1.
518 3860 551 3910 of.
567 3859 687 3910 Suetonii
706 3858 767 3930 περὶ
785 3857 957 3929 βλασφημιῶν
970 3858 1015 3911 καὶ
1032 3853 1121 3912 πόθεν
1135 3854 1236 3914 ἑκάστη

89 3951 251 4018 [Polemonis
275 3951 335 4022 περὶ
354 3945 460 4011 ἀδόξων
479 3945 617 4019 ὀνομάτων
636 3945 768 4020 ἐπιστολή.
795 3952 895 4003 Preller
907 3953 924 4002 l.
938 3953 956 4002 l.
969 3969 996 4017 p.
1010 3953 1062 4002 114
1076 3951 1152 4020 sqq.].
1178 3944 1236 4003 Ali*

89 4050 158 4094 certe
177 4060 219 4094 res
238 4044 287 4094 fuit
299 4045 327 4093 in
340 4044 469 4094 Dorothei
481 4044 560 4094 libro:
580 4041 704 4115 περὶτῶν
722 4036 803 4106 ξένος
822 4040 963 4114 εἰρημένον
981 4040 1084 4105 λέξεων.
1117 4045 1150 4095 ef.
1163 4037 1236 4095 Pho¹

87 4138 150 4189 bibl.
172 4137 232 4188 156.
