2618 4614
628 197 778 294 -166-

132 423 212 486 quae
239 400 339 465 verba
366 399 441 465 inde
469 399 510 464 ab
533 398 594 464 ἀλλ’
627 401 806 464 trimetrum
832 400 952 463 iustum
974 397 1099 462 efficere
1121 397 1187 460 iam
1209 397 1287 461 Din-

131 503 249 568 donius
271 503 443 569 adnotavit.
484 504 569 568 Hinc
590 503 706 568 ordior.
728 543 771 551 —
792 501 879 566 Num
900 502 1051 566 trimetris
1073 500 1222 564 homines
1243 497 1288 562 illi

129 604 227 671 libros
261 628 335 671 suos
368 605 636 694 composuerunt?
688 605 835 670 Adversa
866 605 969 670 fronte
1001 611 1151 690 pugnant
1183 610 1288 666 cetera

129 708 316 792 fragmenta.
360 709 446 774 Num
474 712 562 774 casui
590 731 702 774 versus
730 707 887 773 debetur?
928 707 1161 771 Examinemus
1190 706 1287 769 totius

129 809 190 874 loci
203 811 430 878 condicionem.
454 813 534 878 Inde
546 836 565 877 a
576 835 602 877 6.
615 812 654 876 17
667 811 707 876 de
719 833 892 898 coquorum
904 810 1058 896 dignitate
1070 809 1241 873 disseritur
1249 807 1288 894 ¹):

130 935 224 978 cocus
240 914 339 998 adest,
363 913 448 996 μύμα
462 915 582 999 attulit,
604 915 660 980 6611
675 924 769 980 66166
783 923 884 978 611616
900 936 991 977 66661
1012 911 1165 976 laudibus
1186 911 1288 976 effert.

130 1015 288 1081 Cadmum
313 1017 412 1083 fuisse
439 1041 550 1083 666616
577 1017 752 1084 6666611616
772 1016 945 1082 Euhemeri
972 1014 1067 1100 Ooi2)
1096 1012 1186 1102 ἱερὰν
1214 1012 1289 1078 ἀνα-

128 1119 259 1205 γραφήν.
295 1120 422 1185 Deinde
444 1143 562 1208 coquos
585 1142 695 1186 omues
717 1123 872 1205 ingenuos
891 1120 1000 1204 161666,
1023 1140 1133 1183 servos
1148 1141 1169 1183 a
1182 1117 1288 1182 Mace-

128 1221 265 1286 donibus
291 1224 404 1309 primis
433 1224 639 1289 introductos.
685 1223 836 1310 Sequitur
863 1223 902 1288 de
923 1223 1075 1288 Maesone
1104 1230 1137 1286 et
1158 1220 1288 1304 Tettige

128 1333 237 1389 contra
263 1324 481 1412 Chrysippum
509 1327 682 1413 disputatio
710 1325 935 1414 Aristophanis
962 1325 1111 1411 Byzantii
1144 1324 1288 1388 maxime

127 1437 160 1493 et
180 1427 360 1493 Polemonis
388 1431 568 1516 periegetae
596 1431 783 1495 auctoritate
811 1430 897 1494 nixa.
942 1428 978 1494 O.
1002 1428 1042 1494 78
1072 1429 1127 1492 καὶ
1154 1431 1288 1507 θυτικῆς

127 1532 246 1618 peritos
268 1532 367 1596 fuisse
389 1554 508 1619 coquos
530 1535 678 1619 antiquos
700 1555 743 1597 ex
763 1531 949 1616 Menandro,
984 1530 1150 1596 Simonide
1171 1528 1287 1593 Amor-

127 1636 211 1721 gino,
236 1633 438 1721 Olympiadis
460 1635 502 1700 ad
523 1635 743 1700 Alexandrum
765 1633 901 1721 epistula
922 1634 1175 1716 demonstratum
1199 1632 1286 1719 quod

127 1760 153 1801 e.
170 1738 209 1803 79
238 1738 396 1823 congestis
419 1736 556 1802 Clidemi
579 1739 657 1826 [sive
674 1736 855 1826 Clitodemi]
886 1746 918 1802 et
938 1736 1072 1802 Homeri
1092 1735 1285 1799 testimoniis

125 1881 168 1889 -
192 1842 381 1926 interposita
408 1842 503 1906 6606
532 1863 697 1906 censorum
719 1841 935 1905 Romanorum
964 1839 1125 1904 mentione
1149 1860 1284 1903 -con-

125 1944 279 2008 firmatur.
334 1943 370 2008 O.
387 1945 428 2008 80
448 1952 524 2029 post
545 1943 682 2008 Clidemi
704 1967 745 2009 ex
767 1943 899 2008 Atthide
928 1942 968 2007 de
990 1964 1167 2029 coquorum
1190 1949 1282 2026 gente

125 2046 224 2112 verba
250 2045 438 2110 Athenionis
446 2052 473 2130 ³)
503 2047 631 2128 comici,
665 2045 937 2127 6811116111116,
965 2054 1034 2109 tum
1062 2052 1139 2131 post
1167 2043 1280 2127 locum,

126 2171 263 2236 quocum
290 2148 383 2214 nobis
409 2171 461 2213 res
488 2158 551 2234 est,
582 2149 704 2214 Oratini
729 2149 862 2213 iunioris
891 2148 1085 2235 Antiphanis
1115 2147 1281 2212 Menandri

123 2253 292 2339 Posidippi
319 2252 452 2317 Batonis
480 2253 661 2337 fragmenta
689 2259 852 2336 secuntur,
885 2252 1001 2338 quibus
1034 2250 1278 2333 demonstretur,
1305 2334 1308 2339 .

124 2378 221 2441 quam
236 2355 374 2440 gloriosa
387 2355 482 2420 fuerit
496 2354 584 2440 apud
599 2355 809 2419 Athenienses
831 2355 955 2420 mediae
976 2376 1143 2440 novaeque
1160 2375 1277 2418 comoe-

124 2459 195 2522 diae
225 2466 328 2523 aetate
356 2479 530 2544 coquorum
557 2480 647 2543 gens.
692 2457 775 2523 Sunt
802 2459 835 2521 in
861 2457 910 2522 his
937 2480 1002 2522 non
1028 2456 1132 2521 solum
1155 2453 1278 2540 singula

124 2562 243 2646 scripta
270 2559 322 2625 vel
348 2559 531 2625 comoediae
560 2561 616 2625 sed
643 2561 739 2626 etiam
760 2568 920 2644 auctores,
947 2561 1003 2647 qui
1023 2559 1084 2624 hoc
1105 2582 1170 2624 uno
1193 2557 1278 2645 apud

104 2667 106 2670 ’
124 2661 323 2727 Athenaeum
345 2662 414 2727 1666
432 2672 627 2750 comparent,
650 2663 737 2729 velut
751 2663 960 2748 Euhemerus,
982 2663 1153 2749 Posidippi
1169 2662 1276 2751 [6590]

125 2765 301 2852 Σύντροφοι
328 2774 359 2829 61
390 2765 461 2853 [661
478 2765 506 2856 f]
531 2765 730 2851 Ἀναβλέπων
759 2767 811 2855 [ex
829 2765 1072 2848 Ἀποκλειομένῃ
1094 2765 1162 2830 VII
1184 2763 1277 2829 30111

125 2868 231 2953 glossa
258 2890 323 2933 una
343 2867 494 2957 afferturl,
522 2868 747 2956 Aristophanis
775 2869 922 2954 Byzantii
952 2869 992 2935 de
1019 2869 1166 2956 personis
1188 2889 1278 2954 opus,

71 3016 75 3024 -
126 2971 179 3058 [ad
213 2971 381 3036 Menandri
411 2970 660 3060 Ἐπιτρὲποντας
702 2972 743 3037 611
781 2974 999 3057 quaestionem
1035 2971 1278 3056 grammaticam

124 3073 176 3137 ΙΠ
200 3075 260 3137 119
275 3073 324 3138 ef
346 3077 560 3162 provocaturJ,
595 3074 796 3161 Olympiadis
818 3074 963 3160 epistula,
997 3074 1134 3139 Olidemi
1159 3078 1279 3162 Πρωτο-

124 3179 232 3260 γονίαι,
260 3177 414 3265 [eiusdem
441 3180 578 3243 auctoris
603 3177 918 3255 Ἀτθίς111.2366.
946 3178 980 3240 in
1001 3178 1219 3264 disputatione
1240 3177 1279 3241 de

124 3282 265 3366 parasito
282 3280 568 3369 commemoraturl,
590 3281 728 3347 Athenio
750 3281 898 3365 66161666,
921 3280 1068 3346 Alexidis
1084 3281 1234 3366 Λεβήτισν
1243 3283 1279 3368 ⁴),

126 3382 249 3448 Cratini
262 3385 393 3448 iunioris
410 3382 575 3469 Gigantes,
598 3384 765 3451 Menandri
776 3384 923 3469 Phasma,
938 3384 1071 3450 Batonis
1086 3385 1278 3470 Euergetae.

203 3656 229 3723 1)
248 3659 374 3722 persimili
401 3661 504 3709 ratione
533 3665 611 3726 atque
639 3660 689 3724 VI,
716 3660 822 3708 26—-45
852 3659 884 3709 116
912 3659 1035 3724 parasitis
1064 3664 1091 3710 et
1118 3667 1217 3726 postea
1248 3661 1279 3712 de

127 3749 316 3799 adulatoribus.

200 3839 229 3905 2)
250 3842 294 3907 qui
313 3842 384 3906 apud
403 3843 469 3893 alios
489 3843 563 3893 audit
580 3845 699 3908 Tegeata
718 3843 822 3893 Siculus
841 3843 990 3893 Messenius
1008 3844 1210 3908 Agrigentinus.

200 3930 229 3997 3)
249 3933 383 3983 Immerito
403 3940 466 3998 puto
486 3934 555 3985 hunc
573 3935 684 3985 Mueller
703 3933 805 4000 [fragm.
818 3934 878 3984 hist.
892 3950 979 3998 graec.
994 3934 1054 4002 ΙΙΙ]
1078 3939 1194 3990 66611616
1213 3939 1280 3990 iudi·

129 4026 198 4074 cavit
218 4041 277 4074 eum
296 4031 466 4091 praeceptore
485 4027 598 4076 Leontei
616 4027 707 4092 Argivi
729 4025 834 4093 [Athen.
854 4027 930 4091 VIII,
950 4026 1044 4093 343el.

202 4116 229 4176 4)
249 4117 371 4168 Meinoke
390 4117 441 4168 hoc
460 4118 554 4182 fragm.
574 4115 671 4187 Λέβητι
689 4119 789 4170 addicit
807 4121 857 4183 III,
878 4120 946 4184 4403
966 4120 998 4170 de
1017 4137 1070 4188 qua
1088 4138 1117 4172 rc
1135 4123 1216 4174 infra.
