2618 4614
591 165 634 230 45

10 387 15 425 ῑ
74 367 126 454 πκρί
140 369 194 430 τῶν
214 365 246 430 ἐν
266 370 304 447 τῇ
328 365 492 449 οἰκουμένη
515 373 672 448 ποταμῶν.
708 367 815 454 Atque
829 367 966 452 Meier1)
982 389 1020 432 eo
1035 390 1069 432 se
1084 366 1189 454 abripi

73 489 157 552 passus
170 474 226 549 est,
240 476 277 531 ut
291 468 383 554 quasi
397 470 612 534 onomasticon
627 479 729 534 totum
740 468 932 535 Callimacho
948 468 1109 554 tribueret,
1126 493 1188 556 quo

10 573 24 652 ,'
73 569 275 650 νίμωνπίνακος
285 570 334 659 [cf.
344 569 805 660 Athen.xffl,585b],v0'pssa
817 571 1027 660 βαρβαρικοὶί)
1042 572 1187 661 [ctSuid.

72 693 88 735 s.
97 695 119 735 v.
131 673 267 753 Φάσηλις.
280 679 461 755 Φασηλιτῶν
470 674 582 763 dipel,
598 677 672 762 περὶ
685 673 801 764 ὀρνέων
813 674 863 762 [cf.
875 675 990 740 Athen.
1003 674 1063 757 IX,
1075 675 1136 739 388
1144 674 1187 763 dl,

70 773 162 838 ῶνικαί
180 772 357 859 ὀνομασίαι,
385 776 501 864 quihus
522 781 636 852 κτίσεις
657 776 757 858 νησων
777 780 830 842 καὶ
851 776 969 842 πόλεων
990 779 1043 841 καί
1065 800 1188 858 μετονο-

70 879 164 959 molus,
190 881 261 964 περὶ
290 882 518 960 μετονομοσίας
550 881 683 961 ἰχθύων,
733 885 813 960 ηνῶν
834 882 1047 968 προσηγορίας
1068 881 1188 964 tribuit,

67 977 217 1063 θαυμάσια,
251 984 325 1069 περὶ
352 980 494 1065 ἀγώνων,
523 985 595 1067 περὶ
621 987 682 1047 τῶν
710 984 741 1048 ἓν
772 987 809 1062 τῇ
840 983 1003 1065 οἰκουμένη]
1038 987 1188 1064 ποταμῶν

66 1079 212 1148 iniissent.
276 1082 379 1148 Aliter
416 1084 637 1149 iudicaverunt
676 1084 848 1150 Schneider
889 1093 1079 1171 secutusque
1115 1109 1188 1151 eum

65 1181 97 1247 M.
110 1182 240 1249 Schmidt
248 1188 286 1273 3),
310 1188 365 1273 qui
386 1188 603 1252 onomasticon
624 1186 702 1252 illud
718 1197 753 1251 ut
767 1187 873 1252 decuit
888 1189 1020 1252 missum
1035 1186 1187 1271 fecerunt,

64 1290 183 1365 γλωσσῶν
201 1311 278 1354 πονο
301 1289 432 1354 ἐθνικῶν
458 1299 583 1376 partem
605 1312 674 1356 esse
697 1291 764 1355 sine
786 1289 883 1355 dubio
905 1290 1040 1376 piscium
1063 1300 1095 1355 et
1115 1315 1189 1356 ven-

23 1392 29 1397 '
64 1394 153 1474 torum,
172 1388 305 1457 fortasse
325 1393 420 1456 etiam
434 1392 567 1457 aliarum
581 1415 687 1457 rerum
711 1391 894 1480 [secundum
911 1392 1056 1458 Schmidt
1070 1395 1187 1476 avium,

64 1511 112 1575 qus
122 1493 150 1556 in
162 1515 195 1557 re
210 1496 390 1579 praeiverat
401 1494 578 1579 Blomfield,
594 1504 626 1560 et
639 1493 824 1583 insularum]
842 1496 1111 1561 denominationes
1127 1496 1188 1562 sibi
1236 1542 1240 1549 -

62 1607 274 1676 persuaverunt.
319 1597 409 1677 Quae
431 1598 559 1684 quidem
581 1599 723 1684 quaestio
746 1599 881 1663 discerni
901 1621 966 1663 non
986 1601 1050 1663 iam
1071 1609 1187 1686 potest,

62 1714 116 1760 cun
133 1697 306 1786 fragmenta
318 1699 431 1765 horum
447 1723 579 1788 operum
600 1710 655 1764 aut
668 1703 861 1787 paucissima
875 1709 1001 1766 exstent
1015 1712 1071 1766 aut
1085 1702 1187 1788 nulla3

61 1797 184 1867 velutad
206 1807 309 1884 μηνῶν
330 1807 542 1893 προσηγορίας
564 1813 595 1869 et
616 1806 730 1880 κτίσεις
752 1803 869 1868 πόλεων
889 1826 930 1869 ne
944 1827 1043 1869 unum
1058 1806 1186 1892 quidem

10 2094 13 2117 ,
61 2049 107 2119 περί
121 2049 215 2126 θηρίων
226 2056 403 2122 Apollodorus
418 2055 522 2122 [Athen.
536 2057 593 2121 XV,
608 2055 702 2122 681dl.
740 2058 796 2108 Nec
814 2059 952 2108 immemor
971 2074 1027 2108 sum
1042 2059 1187 2109 Alexandri

10 2120 14 2217 l
61 2139 148 2206 Myndii,
160 2163 192 2197 cx
205 2150 279 2199 cuius
293 2150 338 2215 qui
350 2149 401 2199 huc
413 2149 517 2200 faciunt
528 2150 602 2200 libris
614 2149 685 2215 apud
698 2150 863 2201 Athenaeum
878 2153 991 2200 citantur
1003 2149 1063 2219 περὶ
1075 2144 1149 2219 ζῴων
1163 2144 1186 2218 β’

10 2220 14 2295 l
62 2228 103 2298 llll,
114 2237 187 2304 aare]
208 2244 235 2290 et
252 2239 313 2309 περί
329 2237 377 2307 τῆς
396 2238 447 2290 τῶν
464 2239 567 2307 πτηνῶν
587 2239 703 2311 ἱστορίας
716 2236 737 2310 β’
760 2242 817 2308 [ΙΧ,
834 2242 886 2291 388
895 2240 921 2306 d]
942 2257 989 2291 seu
1007 2240 1068 2311 περὶ
1083 2240 1187 2310 πτηνῶν

10 2328 12 2333 '
61 2317 117 2391 ζῴων
132 2323 153 2396 β’
172 2328 227 2396 ΠΧ,
241 2329 332 2396 398c],
363 2330 429 2398 [non
448 2348 566 2397 agnosco
586 2335 631 2401 qui
648 2334 728 2398 vulgo
747 2335 829 2384 fertur
846 2334 942 2384 librum
955 2334 982 2383 II
1001 2331 1099 2401 κτηνῶν
1119 2332 1186 2384 ἱστο-

61 2411 106 2482 ρίας
121 2417 156 2486 W,
176 2421 274 2489 aarbl:
293 2424 384 2474 titulus
402 2424 446 2474 hic
464 2426 614 2490 inauditus;
640 2429 669 2476 in
686 2427 780 2491 fragm.
801 2426 833 2476 de
852 2426 976 2490 Gorgone
995 2440 1088 2489 sermo,
1109 2441 1187 2490 quarn

61 2518 179 2569 pennatam
203 2515 336 2567 finxerunt
360 2522 478 2580 veteres3
505 2519 595 2584 itaque
620 2518 671 2569 hoc
695 2533 798 2584 quoque
822 2518 882 2568 loco
901 2514 1004 2586 πτηνῶν
1022 2514 1186 2583 legenduml.

61 2596 150 2655 Sostrati
168 2605 236 2677 [περὶ
255 2602 329 2678 ζῴων
346 2609 442 2661 Athen.
457 2611 522 2674 VII',
542 2611 625 2663 arae.
645 2607 739 2674 303b]‚
758 2610 965 2660 Andromenidis
984 2614 1011 2659 et
1029 2610 1186 2674 scriptorum

60 2690 106 2761 arql
120 2697 232 2768 κννηγίας
257 2699 301 2768 [cf.
314 2702 378 2753 Hes.
399 2719 420 2754 s.
433 2719 459 2754 v.
472 2695 594 2767 Ἐνοδία]
613 2703 686 2753 velut
705 2700 919 2767 [Xenophontem
938 2698 1040 2767 omitto]
1061 2701 1186 2751 Mithaeci

61 2778 94 2845 [ef.
109 2787 172 2842 Suid.
192 2809 213 2844 s.
226 2791 276 2858 v.];
300 2794 514 2858 halieuticorum,
540 2811 649 2861 quorum
669 2795 819 2859 catalogum
838 2793 908 2860 alph.
929 2793 984 2844 ord.
1005 2793 1186 2844 decurrentem

60 2871 162 2934 labemus
174 2884 269 2937 Athen.
283 2887 306 2950 Ι,
326 2888 389 2938 13b.
410 2904 439 2951 c,
463 2887 510 2937 ubi
528 2888 697 2937 nominantur
715 2892 811 2952 poetae
830 2886 962 2937 Caecilius
980 2886 1108 2951 Argivus,
1133 2887 1186 2936 Nn-

59 2971 141 3024 neuim
149 2977 315 3043 Heracleote,
334 2980 477 3030 Pancrates
490 2979 582 3039 Arcas,
597 2979 755 3030 Posidonius
769 2978 928 3042 Corinthius,
948 2978 1043 3029 deinde
1056 2978 1187 3029 Athenaei

58 3055 124 3121 ipsius
135 3069 341 3122 additamentum
357 3072 494 3137 Oppianus
508 3071 591 3133 cilix3
609 3071 739 3136 pedestris
758 3072 887 3122 sermonis
906 3071 1046 3136 scriptores
1060 3071 1186 3121 Selencus

57 3145 173 3212 Tarsensis
187 3167 214 3213 ct
225 3163 361 3214 Leonidas
373 3164 525 3229 Byzantius,
546 3165 639 3230 quibua
652 3163 747 3215 Suidas
760 3163 933 3229 Agathoclem
946 3162 1085 3212 Atranium
1104 3163 1186 3216 addit.

56 3237 158 3315 Denique
170 3269 204 3304 ne
216 3255 318 3306 bestiae
331 3256 437 3322 quidem
449 3271 504 3306 non
517 3260 578 3306 sunt
592 3257 711 3307 versibus
725 3257 895 3318 decantatae3
915 3256 954 3306 sic
966 3254 1121 3306 Timotheus
1133 3256 1186 3307 Ga·

54 3345 121 3390 auen„
136 3349 322 3408 grammaticus
340 3348 476 3399 Anastasii
495 3353 581 3398 aetate
600 3344 715 3420 ἔγραψεν
734 3344 827 3410 ἐπικῶς
845 3346 906 3416 περὶ
923 3340 999 3416 ζῴων
1016 3340 1187 3416 τετραπόδων

54 3418 157 3504 [θηρίων]
176 3436 227 3489 τῶν
244 3432 304 3510 παρ’
325 3433 424 3503 Ἰνδοῖς
442 3439 485 3491 καί
496 3431 603 3510 ’Ἄραψι
620 3439 664 3490 καί
682 3436 828 3503 Αἰγυπτίοις
846 3437 890 3489 καὶ
912 3429 967 3489 ὅσα
985 3435 1076 3509 τρέφει
1091 3433 1185 3507 Λιβύη,

53 3516 89 3568 ²⁰¹²
103 3529 158 3601 περί
175 3524 273 3602 ὀρνέων
291 3528 370 3593 ξένων
388 3546 416 3583 τε
434 3530 479 3583 καί
497 3525 646 3583 ἀλλοκότων
664 3529 707 3582 καὶ
720 3521 808 3600 ὄφεων
827 3527 914 3598 βιβλία
934 3525 968 3581 δ’.
988 3528 1081 3596 [Saia]
1102 3531 1134 3582 cf.
1148 3531 1184 3580 M.

52 3605 141 3682 Haupt:
168 3624 281 3675 Hermes
299 3625 355 3690 111,
382 3626 394 3672 l
415 3640 472 3691 sqq.
497 3643 532 3666 =
559 3639 649 3690 opusc.
675 3624 729 3688 III,
749 3622 802 3672 274
821 3639 877 3689 sqq.
921 3623 953 3674 V.
973 3623 1057 3674 Rosa:
1083 3622 1184 3674 Anecd.

54 3696 303 3767 hanan

116 3802 140 3868 l)
160 3811 301 3857 comment.
321 3807 343 3857 I.
370 3808 402 3858 de
426 3807 530 3858 Andos.
556 3823 582 3873 p.
607 3824 632 3858 v.
656 3807 675 3858 f.
701 3812 794 3858 contra
815 3806 900 3858 Aleib.
926 3812 993 3860 orat.
1019 3808 1074 3859 ind.
1101 3808 1184 3858 schol.

54 3879 104 3943 Hal.
121 3902 183 3948 aas.
205 3897 285 3949 1836.
304 3914 331 3964 p.
353 3899 386 3947 12
406 3919 441 3942 =
461 3915 551 3965 opusc.
571 3900 593 3963 1,
613 3901 657 3951 91.

114 3985 140 4053 2)
159 4006 227 4055 quac
245 3991 353 4041 Hecker
371 4006 473 4057 quoque
493 3992 638 4042 coniunxit.
677 3990 777 4041 Oomm.
798 3990 901 4041 Gallim.
921 3990 965 4043 84.

114 4081 141 4145 3)
160 4088 262 4149 quaest.
281 4081 397 4149 Hesych.
417 4082 537 4134 CLXXI.
