2618 4614
546 194 696 293 A

81 393 278 460 llimachum
288 395 328 461 de
339 396 480 481 piscibus
492 397 594 461 ventis
605 396 739 462 fortasse
750 394 819 460 aliis
831 417 957 481 quoque
968 395 1063 460 rebus
1075 395 1116 461 ab
1127 394 1197 460 aliis

81 497 195 562 itibus
207 497 297 562 aliter
306 500 476 563 nominatis
490 499 619 580 „ordine
630 498 829 585 alphabetico
839 504 952 561 usum“
965 499 1078 583 egisse.
1100 497 1198 582 Frag-

81 609 150 664 mta
182 609 267 665 certe
289 610 344 666 aut
365 624 403 666 ea
424 610 506 685 sunt,
535 625 577 666 ex
604 603 719 687 quibus
741 598 819 665 nihil
840 602 944 686 possis
967 599 1121 685 colligere,
1144 610 1199 665 aut

81 701 244 767 locsmtur.
281 703 367 768 Aves
389 705 458 790 ipse
481 704 557 769 dicit
576 703 768 785 „secundum
783 726 900 789 genera
913 703 1011 767 fuisse
1027 702 1196 788 digestas“.

126 805 226 886 Quod
247 805 450 871 incohaverat
471 806 681 871 Callimachus
703 805 926 892 Aristophanis
943 806 1089 890 Byzantii
1111 827 1198 889 egre-

81 931 133 972 sm
156 917 207 974 est
228 910 378 973 meritum
393 911 426 972 in
440 910 535 975 rebus
552 908 768 974 subtilioribus
783 908 958 974 excoluisse
970 910 1005 992 ¹).
1039 907 1197 971 Nimirum

81 1034 95 1074 e
126 1010 269 1092 ὀνόματα
299 1014 503 1098 ουγγενικάλ),
532 1011 657 1093 ἡλικιῶν
686 1011 857 1092 ὀνομασίας
866 1015 911 1097 ⁸),
941 1008 1084 1092 ὀνόματα
1114 1017 1199 1076 πολι-

124 1356 151 1422 1)
169 1359 202 1408 In
226 1359 378 1409 universum
404 1358 437 1409 cf.
462 1358 495 1409 A.
521 1359 628 1410 Nauck:
659 1358 858 1425 „Aristophanis
886 1359 1007 1424 Byzantii
1035 1358 1200 1423 grammatici

81 1448 221 1499 lexandrini
238 1448 413 1516 fragmenta“.
451 1451 529 1502 Halis
547 1452 625 1516 1848,
644 1453 776 1517 inprimis
795 1468 821 1516 p.
836 1451 869 1499 72
884 1456 911 1501 et
925 1449 974 1513 733
995 1455 1021 1500 et
1032 1451 1100 1500 Mus.
1115 1449 1198 1500 Rhen.

81 1543 181 1594 .s.V1.
203 1539 294 1607 [1848]
314 1541 364 1590 321
381 1559 437 1609 sqq.
475 1545 506 1596 E.
525 1545 625 1595 Miller:
652 1543 804 1610 „Melanges
830 1543 862 1593 de
887 1541 1032 1594 litterature
1052 1539 1199 1607 Grecque“.

82 1634 126 1683 aris
150 1633 233 1698 1868,
259 1650 286 1699 p.
307 1632 465 1699 sas-4³43
503 1639 577 1688 cuius
605 1638 665 1688 libri
693 1637 874 1687 recensionem
902 1635 1058 1701 palmariam
1084 1633 1200 1684 exhibuit

81 1725 158 1775 lauch:
177 1724 314 1791 Melanges
333 1725 569 1780 Grdco-Romaius
581 1728 633 1792 111,
654 1728 705 1777 172
720 1744 776 1795 sqq.
813 1729 843 1777 E.
865 1727 969 1777 Rohde:
992 1726 1040 1792 „de
1059 1726 1120 1776 Iulii
1139 1726 1199 1776 Pol-

81 1818 120 1866 mis
142 1819 170 1866 in
197 1822 328 1883 apparatu
355 1821 478 1870 scaenico
507 1820 655 1871 enarrando
680 1818 824 1873 fontibus“.
870 1820 979 1885 Lipsiae
1000 1818 1083 1883 1870,
1109 1835 1135 1884 p.
1157 1818 1200 1868 15.

81 1933 94 1960 ι.
112 1909 260 1961 Fresenius:
291 1909 341 1970 „de
368 1907 463 1971 λέξεων
490 1912 741 1978 Aristophanearum
771 1919 797 1964 et
821 1912 1042 1964 Suetoniauarum
1071 1913 1200 1977 excerptis

81 2002 231 2064 lyzmtinis“.
268 2002 350 2067 Aquis
370 2003 513 2057 Mattiacis.
553 2004 632 2056 1875.

127 2091 153 2156 2)
171 2093 236 2143 Post
262 2093 395 2160 Aristoph.
424 2096 589 2148 Philistidem
618 2090 755 2162 Συγγενικὰ
784 2097 964 2163 composuisse
994 2094 1037 2161 [cf.
1062 2095 1136 2146 Eust.
1163 2095 1195 2146 Il.

81 2181 106 2247 ll,
120 2182 160 2248 41]
179 2185 274 2235 Nauck
292 2186 310 2236 l.
330 2187 347 2237 l.
366 2204 392 2253 p.
415 2187 479 2253 128,
499 2189 561 2240 adn.
581 2191 594 2238 1
616 2194 719 2253 monet;
741 2190 812 2240 idem
833 2205 879 2239 cur
896 2188 1027 2239 Athenaei
1048 2186 1094 2253 [X‚
1115 2185 1199 2253 4240]

81 2276 201 2327 estimonio
212 2277 244 2327 de
254 2278 414 2344 Zenophane
427 2277 580 2346 Συγγενικοῦ
594 2286 701 2332 auctore
715 2277 811 2347 [ἔλεγον
824 2277 910 2331 δὲκαὶ
923 2275 1024 2350 ἔφηβον
1036 2273 1066 2330 τὸ
1081 2277 1200 2330 τοιοῦτον

81 2365 147 2430 turios
161 2367 227 2434 (scil.
246 2363 393 2442 ποτήριον),
418 2364 454 2434 ὡς
473 2367 631 2443 Ζηνοφάνης
649 2370 676 2424 ἓν
694 2370 729 2442 τῷ
749 2368 900 2440 Συγγενικῷ]
921 2371 1002 2422 allato
1021 2372 1130 2421 miratus
1145 2371 1163 2422 l.
1183 2370 1201 2420 l.

81 2466 162 2523 quaerat
192 2462 315 2527 „Etenim
345 2479 397 2530 quo
427 2465 535 2516 tandem
559 2471 638 2532 pacto
663 2465 721 2516 vasi
745 2464 871 2528 potatorii
900 2462 1027 2513 memoria
1052 2479 1112 2512 eum
1136 2459 1201 2527 Συγ-

81 2548 159 2611 γενικῶν
181 2559 337 2619 argumento
363 2555 580 2609 conciliabitur?“
610 2561 637 2607 et
664 2572 710 2606 cur
735 2572 782 2622 pro
808 2551 949 2623 Συγγενικῷ
974 2559 1106 2620 proponat
1130 2551 1201 2622 Συμ-

81 2640 163 2714 κοιικῷ,
186 2661 241 2697 non
265 2662 400 2713 assequor.
419 2642 493 2710 λιίσις
519 2675 552 2685 -
578 2664 656 2715 quam
680 2649 739 2712 ipse
764 2647 869 2713 quidem
895 2648 995 2712 sprevit
1019 2673 1053 2682 -
1079 2647 1150 2696 inest
1173 2646 1201 2695 in

81 2747 126 2785 soce
150 2732 261 2806 ἔφηβος,
294 2741 337 2789 cui
368 2745 437 2791 certe
469 2741 561 2791 eodem
592 2741 648 2791 iure
678 2741 754 2790 locus
779 2739 807 2789 in
829 2737 880 2790 hoe
905 2733 1061 2807 Συγγενικῷ,
1086 2753 1118 2788 ac
1142 2739 1202 2789 voci

81 2816 252 2891 stillantes:
271 2826 326 2880 νέοι
345 2832 415 2896 apud
433 2832 604 2883 Philistidem.
642 2832 771 2882 Nimirum
795 2831 865 2899 quod
888 2832 916 2881 in
935 2830 1071 2895 glossariis
1089 2831 1202 2895 posteris

81 2912 228 2972 Graeco-Lat.
242 2921 342 2972 factum
355 2924 467 2975 vidimus
480 2940 507 2990 p.
521 2925 555 2973 39
567 2924 609 2988 ιλ,
628 2916 733 2992 ἡλικιῶν
746 2915 892 2990 ὀνομασίας
905 2925 1061 2987 συγγινικοῖς
1074 2915 1203 2992 ὀνόμασιν

81 3010 242 3078 agglutinatae,
261 3013 312 3064 hoc
326 3015 380 3065 iam
393 3018 507 3082 antiquis
520 3016 683 3082 temporibus
696 3015 799 3066 videtur
812 3031 861 3066 usu
873 3016 986 3067 venisse.
1019 3015 1051 3064 cf.
1065 3020 1203 3080 praeterea

81 3097 163 3154 Nauck:
185 3107 254 3157 Mus.
273 3106 322 3156 Rh.
341 3108 387 3172 VI,
408 3107 469 3158 344.
513 3107 645 3158 Athenaei
668 3112 759 3159 auctor
781 3124 908 3174 perquam
928 3108 1021 3159 doctus
1046 3108 1096 3157 fuit
1113 3107 1202 3169 homo,

82 3193 184 3255 quicum
206 3199 236 3247 in
259 3202 414 3263 συγγενικοῖς
437 3192 565 3269 ὀνόμασιν
589 3201 775 3267 conquirendis
799 3201 827 3250 in
846 3199 1013 3265 Zenophanis
1039 3214 1118 3264 opere
1137 3215 1203 3250 voce

82 3273 159 3354 ἔφηβος
174 3289 302 3360 ποτηρίου
321 3306 424 3357 quoque
443 3280 516 3354 εἶδος
529 3292 672 3357 significari
683 3293 785 3344 videret
797 3293 961 3351 adnotatum,
981 3292 1070 3342 statim
1087 3293 1204 3342 enotavit

82 3371 173 3430 iusuum
184 3397 270 3445 usum,
290 3383 348 3435 scil.
360 3388 390 3433 ut
403 3382 540 3435 adhiberet
557 3386 585 3435 in
600 3382 731 3455 ποτηρίων
744 3383 865 3448 catalogo
880 3384 1073 3449 componendo.
1093 3413 1129 3420 —
1147 3385 1204 3436 Nec

84 3462 185 3523 debebam
213 3474 333 3525 oblivisci
361 3474 521 3535 Herodiani‚
548 3477 621 3526 cuius
649 3475 700 3525 hue
724 3475 827 3526 videtur
851 3475 938 3526 faeere
962 3475 1024 3548 περὶ
1047 3470 1133 3545 γάμον
1161 3475 1204 3527 καί

83 3557 224 3627 “ludibunde
241 3566 316 3616 liber.
354 3566 387 3616 cf.
406 3567 449 3617 Et.
461 3568 500 3617 M.
522 3566 583 3631 149,
602 3566 645 3616 47.
683 3567 775 3632 Lenta,
800 3568 900 3618 Herod.
919 3568 1006 3619 techn.
1026 3569 1072 3620 rel.
1091 3569 1114 3633 Ι,
1133 3567 1204 3619 CXI.

83 3644 123 3701 Nec
137 3660 161 3706 ut
178 3657 228 3709 hoc
246 3672 439 3723 praeoccupem
458 3659 592 3710 dissimilis
610 3659 675 3710 ratio
696 3661 751 3710 eius
770 3659 830 3710 libri
848 3659 952 3713 videtur
969 3660 1059 3726 tuisse,
1079 3661 1122 3712 cui
1141 3672 1205 3730 συμ-

84 3734 155 3797 πόσιον
170 3750 333 3816 inscriptum.
371 3750 405 3802 cf.
425 3751 514 3818 Steph.
533 3753 597 3817 Byz.
617 3751 680 3815 230,
701 3752 733 3800 13
753 3752 834 3802 Mein.
854 3752 939 3803 Lenta
957 3752 975 3805 l.
994 3752 1013 3805 l.

137 3839 162 3904 3)
179 3842 275 3893 Athen.
295 3843 342 3906 IX,
363 3843 447 3894 asoa.
486 3843 518 3893 cf.
537 3844 659 3896 Ammon.
679 3860 705 3909 p.
725 3844 769 3896 35.
807 3844 1069 3911 assumptas.
1107 3844 1205 3894 Trans·

86 3923 204 3990 migrem
226 3935 294 3984 talia
317 3935 345 3984 in
370 3935 477 4001 Didymi
495 3928 646 4004 Σύμμικτα,
671 3950 738 4002 quae
763 3937 791 3985 in
815 3937 958 4001 epitomam
982 3936 1085 4001 redegit
1101 3935 1206 3986 Alexio.

88 4014 111 4066 lf-
124 4021 265 4077 Ammonius
285 4043 305 4078 s.
322 4044 347 4077 v.
367 4023 462 4098 Γέρων.
499 4042 526 4092 p.
539 4025 574 4074 36
594 4026 635 4076 ed.
648 4027 752 4092 Valck„
772 4028 846 4078 cuius
865 4027 897 4078 οί.
918 4028 1051 4079 animadv.
1071 4028 1106 4078 ad
1118 4028 1205 4079 Amm.

87 4116 106 4166 l·
120 4110 154 4165 33.
187 4119 330 4184 Didymum
347 4118 458 4184 legimus
471 4117 537 4169 haec
556 4117 677 4170 hausisse
695 4115 722 4171 ἐκ
740 4115 791 4171 τῶν
803 4112 963 4190 Ἀρίστωνος
980 4117 1041 4191 usqi
1060 4111 1206 4190 ἀνθρώπου
