2618 4614
217 407 468 497 τάθεσμοφάρια
661 439 671 555 β

218 510 656 580 τάθαλάσιαάπότοῦθάλλω
792 512 942 579 Cerealia.

218 613 420 700 τάδημήτρια
661 564 672 683 l

216 717 256 782 τά
279 717 441 802 ὁρσθὲσια.
653 743 703 784 ων.
789 717 988 783 Terminalia.

510 835 518 998 l
643 896 703 938 ων.
787 871 977 939 Parentalia.

216 817 255 883 τά
278 820 404 885 νεκάσια

216 925 255 985 τά
274 923 450 1011 νεκρώσιμα
462 928 486 1003 ¹)

217 1023 256 1089 τά
278 1026 476 1091 σοσειδώνια.
652 1049 702 1092 ων.
787 1026 987 1113 Neptunalia.

130 1125 249 1192 Cetera
269 1129 438 1213 perierunt.

132 1230 286 1316 Sequitur
306 1230 379 1296 inde
401 1255 421 1297 a
441 1231 463 1296 f.
479 1233 514 1296 51
543 1254 610 1318 sqq.
636 1231 761 1297 lexicon
784 1272 823 1280 -
845 1234 1037 1318 promissum
1057 1230 1135 1297 illud
1155 1273 1198 1281 —

69 1333 81 1397 l
105 1332 288 1397 litterarum
310 1333 453 1398 ordinem
475 1335 693 1420 compositum.
726 1335 895 1419 Praefati0,
918 1340 981 1421 qua
994 1344 1031 1399 ut
1052 1336 1198 1423 δεύτερον

69 1435 287 1520 ρμηνενμάτων
309 1439 424 1521 βιβλίον
445 1436 672 1521 introducatur,
695 1436 792 1502 deest.

131 1536 250 1601 Statim
278 1562 330 1604 me
360 1539 487 1605 confero
516 1538 558 1603 ad
584 1538 717 1604 alterum
744 1539 869 1605 lexicon
906 1539 1078 1604 secundum
1105 1562 1197 1624 argu-

71 1649 156 1705 enta
184 1641 218 1704 in
247 1649 333 1706 certa
359 1643 465 1728 capita
492 1642 660 1727 digestum,
694 1642 779 1728 quod
808 1643 920 1729 incipit
938 1681 986 1719 ,-
1015 1651 1089 1728 post
1108 1665 1197 1726 prae-

70 1745 200 1808 tionem
221 1765 318 1828 supra
339 1742 531 1831 descriptam
552 1783 594 1793 —
615 1744 720 1809 medio
746 1744 768 1809 f.
796 1745 874 1809 ur.
916 1744 1020 1810 Index
1041 1745 1092 1809 hic
1114 1746 1198 1832 capi-

69 1870 111 1909 m
136 1845 315 1932 praecedit:

180 1948 243 2030 1²).
265 1953 349 2014 θεῶν
370 1947 520 2030 ὀνόματα.
605 1962 624 2012 f.
637 1962 714 2012 1⁷1v.
739 1949 831 2014 XIII.
854 1951 926 2036 περὶ
989 1947 1196 2038 ἀνθρωπίνων

199 2050 242 2115 Π.
264 2053 335 2136 περὶ
356 2051 500 2136 οὐρανοῦ.
857 2056 963 2132 μελῶν.

181 2153 240 2218 ΙΠ.
263 2156 334 2240 περί
364 2148 487 2241 ἄστρων
508 2155 602 2239 οὐρα·
746 2153 835 2219 XIV.
859 2155 931 2242 περὶ
980 2153 1108 2239 τρόπων
1148 2153 1199 2220 άν-

265 2258 345 2321 νίων.
862 2259 1037 2342 θρωπίνων.

183 2357 241 2422 IV.
265 2362 336 2446 περὶ
377 2365 438 2425 τῶν
482 2359 602 2425 δώδεκα
763 2358 836 2423 XV.
860 2360 930 2447 περί
982 2359 1102 2446 φάσεως
1148 2360 1199 2424 άν-

266 2464 391 2547 ζῳδίων.
860 2464 1030 2550 θρωπίνης.

203 2562 243 2627 V.
266 2566 338 2652 περὶ
386 2570 548 2646 πλανητῶν
735 2563 835 2628 ¹XVI.
858 2566 930 2651 περὶ
951 2563 1118 2652 ἀρχόντων.

267 2665 415 2752 ἀστέρων.
729 2665 835 2731 XVII.
859 2669 930 2755 περὶ
952 2668 1130 2751 βρωμάτων.

185 2767 242 2832 VI.
264 2772 336 2854 περὶ
355 2773 437 2833 ναῶν
457 2769 556 2858 ἱερῶν.
713 2768 837 2834 XVIII.
861 2771 933 2857 περὶ
955 2777 1068 2836 ποτῶν.

168 2869 243 2936 VII.
267 2873 339 2958 περὶ
358 2875 487 2939 θυσιῶν.
744 2871 837 2940 ΧΙΧ,
861 2874 932 2956 περὶ
954 2873 1102 2960 δευτέρας
1126 2898 1201 2962 τρα-

149 2972 243 3038 VIII.
266 2975 338 3060 περὶ
360 2972 487 3055 ἀνίμων.
828 2976 833 2984 ’
863 2975 964 3055 πέζης.

182 3076 244 3140 ΙΧ.
266 3075 328 3141 ὅσα
350 3077 381 3142 ἐν
401 3082 444 3163 τῷ
469 3077 605 3164 θεάτρῳ.
765 3076 840 3141 ΧΧ.
864 3080 936 3166 περὶ
956 3079 1103 3154 λαχάνων.

198 3179 241 3243 Χ.
264 3178 326 3243 ὅσα
353 3179 385 3244 ἐν
406 3185 448 3266 τῷ
478 3181 605 3265 σταδίῳ.
748 3179 840 3244 XXI.
864 3182 935 3268 περὶ
956 3180 1082 3257 ἰχθύων.

186 3281 244 3346 XI.
268 3280 330 3346 ὅσα
362 3282 393 3346 ἐν
424 3286 466 3368 τῷ
505 3281 605 3367 ἀμφι·
731 3281 840 3346 ΧΧΠ.
864 3284 935 3367 περὶ
955 3284 1061 3370 κρέως.

268 3384 401 3473 θεάτρῳ.
716 3383 841 3450 XXIII.
865 3387 937 3472 περὶ
958 3384 1082 3469 ὀρνέων.

171 3486 247 3552 XII.
270 3485 332 3551 ὅσα
367 3487 398 3552 ἐν
433 3491 476 3573 τῷ
515 3487 607 3551 truo—
716 3485 840 3552 XXIV.
863 3491 934 3574 περὶ
954 3491 1162 3577 τετραπόδων.

271 3589 388 3676 δρόμῳ.
737 3589 843 3656 XXV.
866 3593 942 3681 περί
958 3595 1145 3674 κυνηγεσίας.

129 3938 158 4004 1)
181 3935 363 4004 „Parentalia“
395 3939 491 4004 ubique
523 3937 634 3988 audiunt
666 3931 781 3990 νεκάσια.
815 3933 962 4010 νενράσιμα
993 3941 1201 3991 ecclesiasticum

69 4034 139 4098 rpit3
158 4022 319 4100 νεκράσιμον
339 4022 501 4100 [τροπάριον]
522 4051 556 4073 =
577 4045 663 4080 canon
681 4045 729 4095 pro
748 4033 857 4082 mortuis
876 4031 1013 4083 decantari
1031 4033 1131 4084 solitus.

129 4121 159 4188 2)
178 4122 309 4174 Numeros
327 4121 385 4187 ipae
405 4121 498 4172 adieci.
