2618 4614
584 194 730 292 --37-

92 394 313 483 thsputationis,
327 399 527 484 potissimam
542 400 641 485 sequi,
658 397 698 463 de
712 419 768 462 suo
780 405 886 462 autem
897 418 1000 483 pauca
1010 397 1231 462 intermiscere.

93 497 232 564 hocloco
247 501 334 564 viam
349 501 427 564 mihi
440 503 697 588 praemuniturus
713 523 785 564 cum
796 498 947 564 nonnulla
961 499 1101 583 afferam,
1117 499 1232 585 quibus

98 672 258 723 PtolemaeiI
283 675 359 724 vidit.
387 672 429 741 [cf.
454 675 550 727 Athen.
574 675 621 739 IV,
644 673 694 724 163
709 674 748 724 ef
771 691 830 724 cum
854 673 931 738 VIII,
957 673 1011 722 350
1027 689 1049 723 c.
1088 672 1231 724 Clearchus

102 765 126 816 de
141 781 168 816 eo
185 764 308 832 scripsit]
347 766 494 817 Diodorum
519 752 619 818 clarum
643 767 724 817 luisse
750 767 865 818 iudicem
883 767 953 816 intra
972 765 1230 817 annos3'10-320.

102 857 192 908 -Veri
205 859 367 910 simillimum
381 864 450 909 certe
465 864 505 909 est
524 876 557 910 ex
575 859 617 910 his
637 860 758 913 omnibus
771 858 970 909 Archestratum
989 863 1051 909 ante
1064 874 1163 909 annum
1177 859 1230 909 335

106 951 223 1017 scripsisse.
262 949 313 1016 [De
332 950 452 1001 Platonis
477 952 506 1001 in
524 952 633 1002 Phaone
658 952 752 1018 quibus
777 950 917 1001 Philoxeni
941 951 1069 1002 Leucadii
1093 945 1168 1019 καινή
1192 967 1230 1013 τις

107 1035 229 1111 ipsqmolo
246 1044 441 1109 perstringatur
459 1045 578 1096 versibus
591 1044 750 1095 hexametris
764 1042 870 1106 (Athen.
884 1044 906 1106 Ι,
920 1042 935 1090 5
949 1042 1042 1108 b-d),
1063 1044 1156 1110 quibus
1171 1059 1230 1093 cum

109 1133 269 1187 hohestrateis
289 1137 375 1186 maior
392 1137 420 1185 in
439 1137 574 1187 nonnullis
594 1141 635 1187 est
653 1136 807 1201 similitudo,
833 1151 912 1202 quam
937 1140 967 1185 ut
986 1151 1050 1186 casn
1068 1136 1153 1200 possit
1173 1141 1230 1186 orta

111 1227 202 1293 eselci.
215 1228 276 1292 VII,
292 1227 444 1280 assuat
465 1223 565 1280 πόντου
577 1223 655 1280 τέκνα
674 1245 733 1279 cum
752 1230 774 1292 I,
795 1228 1227 1292 oev.11.—v11,3ooev.3

111 1320 1228 1386 an1,sdv.2.—V11‚328b0v.4eu1n1,5dv.3.-111,nasas

112 1428 149 1463 un
162 1414 181 1477 I,
199 1413 315 1464 odas
335 1410 383 1479 al.)
409 1428 464 1464 non
489 1413 559 1465 facio
580 1430 639 1464 cum
658 1413 792 1463 Meinekio
813 1417 840 1463 et
856 1412 972 1476 Bergkio
996 1409 1042 1478 (cf.
1066 1417 1093 1462 et
1113 1412 1162 1478 ,de
1181 1412 1228 1463 rel.

112 1509 206 1555 un.att.
220 1508 294 1554 ant.¹‘
315 1505 425 1571 Lipsiae
446 1504 516 1554 1838
535 1524 563 1573 p.
579 1506 629 1554 311
645 1523 684 1572 sq.
705 1510 731 1555 et
751 1509 837 1570 ,poet
851 1504 899 1570 lyr.
914 1503 1025 1554 Graec.“
1042 1505 1082 1556 ed.
1096 1505 1143 1556 IV.
1162 1506 1227 1570 Lps.

63 1600 65 1607 '
112 1595 157 1645 usa
171 1597 218 1661 ΠΙ,
239 1595 320 1664 617)ε
347 1597 479 1648 subfuisse
504 1598 583 1650 debet
606 1613 704 1664 poema
727 1599 951 1664 gastronomicum
970 1613 987 1647 a
1004 1597 1116 1648 Platone
1134 1599 1227 1663 paucis

63 1692 66 1699 “
111 1690 192 1753 nutans,
210 1693 241 1739 ut
258 1694 349 1740 tamen
368 1692 479 1756 agnosci
497 1696 595 1756 posset,
616 1690 740 1753 derisum,
757 1691 876 1741 versibus
896 1695 966 1741 certe
985 1690 1143 1741 hexametris
1157 1707 1228 1740 com·

63 1765 65 1789 ²
109 1783 191 1846 quam
209 1782 286 1848 (nam
297 1782 440 1833 Platonem
453 1783 664 1834 numerasse
679 1784 735 1849 qus
755 1783 846 1833 creua
864 1782 940 1833 acus
959 1783 981 1847 1,
996 1783 1011 1832 s
1025 1783 1042 1832 s
1054 1800 1097 1833 vv.
1112 1782 1227 1848 s-rs);

108 1874 212 1924 iaumm
236 1873 315 1925 Arch.
341 1875 423 1926 multo
450 1876 536 1926 iunior
561 1875 611 1925 fuit
634 1875 760 1940 Platone,
788 1876 957 1926 statuendum
985 1880 1025 1926 est
1049 1876 1105 1926 eius
1130 1892 1227 1941 poema

106 1979 140 2017 son
160 1967 271 2033 propriis
300 1967 406 2017 stetisse
435 1967 510 2032 talis,
544 1969 641 2034 quippe
672 1969 714 2018 cni
745 1970 824 2019 etiam
850 1984 910 2018 cum
936 1967 1047 2034 parodia
1072 1969 1226 2034 antiquioris

103 2061 271 2122 astronomiae
294 2060 324 2110 in
349 2064 403 2110 tam
428 2060 518 2110 multis
542 2061 695 2110 conveniat:
720 2061 748 2110 in
770 2061 832 2111 furti
857 2061 938 2126 igitur
962 2061 1140 2126 suspicionem
1158 2062 1225 2110 inci·

102 2148 153 2202 hrot
173 2157 253 2218 posta
277 2154 319 2203 sui
343 2154 448 2218 generis
473 2169 538 2204 sane
563 2168 618 2203 non
641 2153 756 2203 ultimus.
796 2154 887 2218 Ipsum
912 2169 974 2203 vero
1000 2151 1079 2204 Arch.
1104 2154 1185 2203 risum
1209 2169 1225 2203 a

99 2240 186 2296 suune
205 2246 264 2312 quis
283 2244 390 2296 credet?
429 2243 635 2311 ,Philoxenum“
656 2246 762 2311 quidem
782 2261 831 2311 ego
850 2261 904 2296 non
924 2261 1025 2308 moror,
1045 2249 1137 2310 utpote
1155 2246 1225 2295 Leu-

99 2336 180 2387 alium
206 2338 236 2387 in
260 2336 351 2387 fabula
377 2337 500 2403 Sapphus
527 2343 554 2388 et
575 2337 692 2389 Phaonis
717 2339 859 2389 memoriae
884 2337 989 2388 infesta.
1028 2337 1081 2388 Sed
1105 2343 1225 2403 tempora

99 2427 196 2492 obsum
222 2445 272 2479 nec
297 2431 384 2480 minus
410 2431 443 2480 de
462 2431 570 2482 Periclis
598 2430 710 2481 filiorum
732 2431 879 2497 Xanthippi
898 2435 924 2481 et
941 2429 1030 2479 Parali
1053 2431 1126 2480 socio
1153 2432 1223 2494 cogi-

98 2521 198 2571 tantibus.
213 2521 246 2573 cf.
260 2520 355 2574 Athen.
369 2523 401 2586 V,
413 2522 466 2570 330
477 2521 512 2588 d]
528 2550 560 2558 -
574 2524 636 2573 Veri
649 2523 810 2574 simillimum
822 2525 903 2589 igitur
916 2538 973 2573 esse
988 2521 1112 2572 evicimus
1125 2521 1223 2573 Arche-

97 2616 185 2663 strstusn
210 2618 272 2664 ante
298 2629 322 2666 a.
348 2613 401 2664 335
427 2617 573 2681 scripsisse.
621 2615 690 2665 Num
718 2617 805 2681 potuit
829 2617 857 2664 in
881 2620 1005 2680 poemate
1029 2613 1080 2665 hoc
1104 2620 1223 2681 tempore

97 2703 183 2756 lthenis
200 2706 393 2757 inclarescente
413 2708 611 2758 consuetudinis
631 2708 752 2772 alicuius,
772 2724 839 2773 quae
859 2708 931 2774 apud
943 2707 1121 2759 Romanorum
1141 2723 1222 2758 cenas

98 2796 195 2863 obtinuit,
214 2799 314 2849 mentio
332 2797 402 2863 fieri,
428 2800 499 2864 apud
517 2800 652 2850 Romanos
678 2801 731 2866 qui,
757 2801 781 2850 si
798 2800 876 2852 Arch.
898 2816 995 2866 poema
1013 2816 1091 2867 quam
1110 2801 1221 2851 novissi·

97 2895 242 2956 nnmputas,
263 2896 323 2942 octo
342 2892 386 2941 vix
406 2892 483 2942 annis
502 2898 565 2943 ante
581 2909 640 2942 cum
657 2892 818 2944 Samnitibus
836 2893 934 2943 bellum
953 2909 1043 2958 gerere
1063 2897 1222 2958 coeperant?

96 2980 151 3047 llcgo
167 2984 298 3050 equidem,
317 3000 476 3051 quamquam
495 2986 550 3037 scio
564 2986 760 3037 Archestratum
780 2983 930 3050 [Gelensem
950 2984 1003 3050 aut]
1025 2985 1220 3051 Syracusanum

96 3075 217 3139 sommari3
246 3091 323 3142 quem
348 3083 437 3129 tamen
461 3086 525 3146 puto
551 3078 662 3130 Athenis
688 3080 801 3144 degisse.
829 3106 866 3112 —
892 3077 945 3128 Sed
969 3078 1048 3129 suerit
1070 3080 1124 3129 iam
1150 3080 1221 3129 circa

96 3178 160 3218 tanos
178 3167 322 3218 sss-3³5
342 3173 418 3221 tanta
435 3171 616 3223 Romanorum
636 3170 706 3236 apud
726 3171 841 3222 Graecos
860 3170 940 3235 fama,
959 3176 989 3221 ut
1007 3172 1131 3235 notarint,
1155 3187 1221 3237 quos

94 3257 161 3321 pisces
172 3258 211 3309 illi
223 3275 275 3325 quo
295 3261 375 3313 modo
395 3264 557 3314 nominarint
575 3267 602 3312 et
621 3263 774 3328 quibuscum
793 3265 821 3312 in
841 3279 921 3314 cenas
939 3264 1096 3329 protulerint
1113 3263 1220 3313 honori-

94 3348 129 3400 bus
144 3348 183 3418 [cf.
200 3352 318 3404 Macrob.
340 3353 396 3404 Sat.
416 3355 466 3419 III,
485 3356 526 3420 16,
543 3355 554 3401 1
571 3371 627 3421 sqq.
647 3355 740 3420 fragm.
761 3372 794 3406 ex
812 3355 899 3406 Plauti
917 3356 1035 3408 Bacasia.
1056 3356 1097 3407 ed.
1116 3357 1221 3406 Winter

93 3457 112 3507 p.
127 3442 156 3491 ts
168 3460 205 3511 sq.
243 3445 312 3495 Plin.
333 3462 359 3495 n.
379 3445 404 3496 h.
424 3446 587 3511 ΙΧ,17,37.
624 3448 720 3498 Festus
740 3464 761 3499 s.
781 3465 805 3500 v.
826 3449 992 3513 aquipenser.
1013 3448 1089 3499 ovid.
1109 3447 1217 3499 hahent.

95 3534 152 3602 133]ε
166 3537 217 3588 alia
229 3538 335 3589 accedit
348 3553 437 3601 causa,
451 3555 497 3589 cur
510 3541 707 3606 accipenserem
721 3541 755 3591 ab
768 3538 847 3590 Arch.
861 3540 1023 3590 abiudicem:
1037 3540 1089 3588 395
1103 3556 1119 3590 a
1131 3542 1218 3607 ipsum

91 3627 231 3680 lrchestrati
251 3630 284 3680 de
302 3630 380 3695 galee
399 3632 495 3682 testim.
516 3633 639 3698 sequitur,
666 3633 735 3699 quod
757 3637 787 3682 ut
809 3633 940 3697 integrum
959 3632 1064 3683 videtur
1088 3650 1155 3698 esse,
1180 3635 1219 3684 ita

91 3734 179 3785 prorsus
197 3723 297 3773 nullam
315 3723 496 3773 Romanorum
514 3724 593 3776 habet
611 3727 749 3776 rationem.
789 3723 875 3790 [Addo
896 3725 966 3791 quod
985 3740 1127 3791 numquam
1139 3725 1217 3777 Arch.

90 3813 239 3881 hrpiscibus
265 3816 451 3867 enumerandis
477 3817 509 3867 de
534 3817 648 3867 moribus
674 3816 745 3883 apud
770 3823 863 3882 gentes
888 3818 1066 3869 obtinentibus
1091 3817 1218 3884 loquitur:

90 3903 128 3957 hoc
143 3909 231 3973 procul
250 3910 283 3960 ab
304 3909 361 3960 eius
379 3908 509 3976 consilio]
546 3910 668 3959 Erratum
692 3909 773 3974 igitur
793 3911 822 3960 in
842 3926 864 3960 c.
883 3908 919 3957 44
939 3910 1048 3976 abipso
1067 3910 1216 3960 Athenaeo:

89 3995 152 4050 Arch
170 4016 266 4052 nomen
287 3999 368 4051 2940
386 4018 434 4067 pro
454 4002 505 4053 alio
525 4003 635 4053 illatum.
675 4002 779 4053 Similes
799 4018 898 4053 errores
912 4002 982 4066 XIV,
1000 4002 1051 4050 639
1067 4002 1083 4051 d
1103 4002 1135 4052 de
1148 4001 1216 4066 Phy-

63 4082 65 4105 ἰ
89 4087 172 4144 larcho.
211 4093 275 4158 ¹111,
304 4093 355 4142 116
375 4109 454 4144 a-c
482 4095 535 4145 iam
564 4099 625 4145 ante
654 4095 819 4146 Athenaeum
848 4098 1000 4159 peccatum,
1028 4093 1068 4157 II,
1093 4091 1127 4141 36
1148 4109 1164 4143 a
1188 4093 1216 4145 in

88 4181 246 4247 ,Mnesithei“
265 4186 385 4238 versibus
403 4186 437 4237 ab
456 4188 641 4255 epitomatore.
679 4189 715 4242 cl.
732 4189 783 4258 xl,
802 4185 855 4238 Abit
870 4202 895 4241 a.
