2640 4628
550 240 700 340 -λῶ-

78 448 157 531 ιιλίρ
185 445 396 531 transposuit,
433 453 470 508 ut
497 443 751 510 conversationes
782 481 824 489 —
861 439 947 528 quod
973 438 1132 507 debebant
1161 479 1197 488 -

78 549 197 611 timum
217 555 344 613 teneant
364 547 478 616 locum,
514 548 625 612 Potest
645 553 751 611 autem
765 542 1015 630 praefatiuncula
1028 542 1198 629 aliquando
1237 577 1241 587 ·

78 672 124 714 un
154 648 317 736 colloquiis
346 673 410 715 non
438 651 606 715 coniuncta
635 649 809 730 exstitisse,
838 647 895 712 sed
915 646 1017 712 lexico
1039 647 1073 710 in
1095 647 1200 733 capita

81 761 176 838 gesto
197 755 410 838 praecessisse
420 756 456 841 1).

133 854 254 920 Lexieo
276 856 306 920 N
326 855 343 919 l
369 856 513 942 praefixa
538 853 686 939 leguntur
707 853 797 918 haec:
826 854 934 932 Πῆναξ
957 848 988 940 [l.
1010 851 1112 941 πίναξ]
1142 856 1198 917 τοῦ

78 959 209 1045 κρόντος
230 960 350 1038 λεξικοῶ
373 963 429 1022 τοῶ
452 960 525 1045 περὶ
547 955 710 1043 διαφόρων
732 953 903 1035 ὀνομάτων.

216 1062 242 1126 I.
264 1065 348 1127 θεῶν
369 1058 517 1141 ὀνόματα.
747 1056 838 1120 XVI.
862 1061 956 1137 μῆνες
978 1057 1117 1138 ἓλλήνων.

199 1164 243 1228 Π.
266 1166 337 1251 περὶ
350 1168 411 1228 τῶν
424 1162 455 1228 ἐν
470 1169 513 1249 τῷ
533 1161 604 1251 ᾂδη.
732 1158 840 1224 XVII.
864 1164 955 1240 μῆνες
978 1157 1148 1240 άθηναίων.

183 1266 244 1331 ΠΙ.
268 1269 339 1353 περὶ
360 1269 549 1350 θεοσεβείας.
715 1261 838 1326 XVIII.
862 1266 954 1342 μῆνες
976 1263 1151 1344 αἰνυατίων.

188 1369 245 1433 IV.
268 1371 338 1456 περὶ
358 1374 441 1433 ναῶν
461 1369 552 1458 ἱερῶν
561 1370 597 1452 ⁸).
746 1363 838 1428 ΧΙΧ.
862 1368 953 1445 μῆνες
976 1365 1117 1450 ἓβραίων.

204 1470 244 1536 V.
268 1473 339 1560 περὶ
359 1475 487 1537 θυσιῶν.
762 1465 838 1531 ΧΧ.
863 1471 955 1547 μῆνες
977 1468 1131 1555 ῥωμαίων.

187 1574 244 1639 VI.
267 1575 339 1661 περὶ
360 1573 487 1661 ἓορτῶν.
746 1567 840 1633 ΧΧΙ.
863 1571 933 1653 περὶ
953 1573 1016 1634 τῶν
1035 1569 1166 1658 ἡμερῶν.

170 1675 245 1741 VII.
268 1675 330 1740 ὅσα
352 1675 383 1740 ἓν
403 1676 539 1762 θεάτρῳ.
728 1671 839 1736 XXII.
862 1672 934 1757 περί
954 1677 1016 1736 τῶν
1035 1674 1202 1750 στοιχείων.

153 1778 245 1844 VIII.
268 1777 330 1843 ὅσα
353 1779 383 1843 ἐν
405 1782 532 1864 σταδίῳ.
712 1774 840 1838 XXIII.
862 1776 1018 1863 περὶτῶν
1040 1772 1167 1855 ἀνίμων.

185 1881 245 1946 ΙΧ.
268 1880 330 1946 ὅσα
344 1881 376 1946 ἓν
391 1879 606 1969 ἀμφιθεάτρῳ.
720 1875 845 1942 XXIV.
868 1878 939 1965 περὶ
959 1880 1140 1944 θαλασσῶν.

203 1982 246 2048 Χ.
269 1982 331 2048 ὅσα
350 1985 606 2073 ἓνίττττοδρομίῳ.
734 1978 841 2043 XXV.
865 1981 936 2067 περὶ
970 1984 1032 2044 τῶν
1074 1981 1204 2062 γλυκέων

186 2086 246 2151 XI.
269 2088 341 2174 περὶ
353 2091 415 2151 τῶν
430 2087 462 2152 ἐν
473 2083 607 2173 οὗρανῷ.
862 2081 994 2148 ὑδάτων.

168 2188 245 2252 ΧΠ.
270 2191 340 2273 περὶ
367 2195 428 2253 τῶν
455 2188 608 2278 οὓρανίων
716 2183 841 2248 XXVI.
864 2186 935 2271 περὶ
956 2183 1163 2273 ἀνθρωπίνων

267 2285 400 2375 άστρων.
865 2291 971 2365 μελῶν.

149 2393 245 2458 ΧΙΠ.
268 2396 339 2483 περὶ
359 2397 421 2459 τῶν
443 2392 565 2459 δώδεκα
600 2404 619 2455 f.
628 2402 689 2453 44¹.
702 2388 843 2454 XXVII.
867 2392 1019 2474 περὶτῶν
1039 2387 1173 2470 ἡλικιῶν.

267 2499 392 2582 ζῳδίων.
681 2490 841 2557 XXVIII.
865 2489 1072 2581 περίτρὸττων
1085 2491 1207 2582 ἅνθρω-

154 2597 246 2664 XIV.
269 2601 340 2686 ττερὶ
361 2598 543 2687 άστίρωνθ).
865 2597 969 2662 πίνων.

170 2700 244 2766 XV.
267 2704 339 2789 περὶ
359 2702 488 2789 χρόνον.

128 2875 156 2937 1)
176 2873 362 2937 Difficultates,
383 2889 450 2940 quae
462 2875 489 2923 in
502 2873 667 2939 praefatione
680 2875 779 2938 insunt,
792 2873 843 2924 hoc
856 2874 935 2925 modo
949 2875 1083 2942 expedivit
1093 2875 1207 2927 Useneri

78 2968 202 3034 gacitas:
227 2966 315 3016 Verba
334 2949 370 3016 ὧν
388 2963 494 3036 πρῶτον
513 2959 586 3016 ἔσται
605 2962 652 3034 τῆς
671 2958 801 3036 ἡμετέρας
820 2963 959 3036 ἑρμηνείας
977 2968 1075 3034 accipit
1092 2984 1140 3034 pro
1162 2969 1206 3034 „in

81 3058 203 3125 nloquiis
228 3059 357 3109 sermonis
377 3057 513 3108 familiaris
531 3055 710 3122 versabitur“,
735 3058 772 3108 ita
796 3059 897 3108 utiam
915 3058 1040 3111 homiliae
1059 3065 1088 3110 ut
1106 3061 1206 3126 primus
1284 3067 1289 3073 '

78 3168 119 3203 rer
137 3150 346 3201 introducantur.
383 3151 449 3200 Post
467 3145 605 3219 ἑρμηνείας
629 3149 752 3200 lacunam
777 3149 870 3201 statuit
894 3151 932 3201 sic
957 3151 1012 3202 fere
1035 3152 1206 3218 explendam:

78 3236 128 3304 ζτά
147 3237 178 3292 δὲ
192 3232 260 3292 ἄλλα
272 3235 323 3292 δάο
337 3236 461 3310 ῥημάτων
474 3233 609 3303 συντάξεις
623 3253 629 3266 ·
644 3223 721 3299 dv>
735 3238 761 3292 ἐν
773 3237 809 3312 τῷ
823 3237 869 3310 μὲν
881 3235 976 3312 πράτῳ
990 3238 1080 3313 βιβλίῳ
1093 3241 1144 3294 κτλ.
1158 3258 1206 3308 pro

97 3326 189 3402 τούτῳ
209 3328 256 3401 μὲν
273 3329 309 3401 τῷ
329 3328 426 3401 βιβλίῳ.

127 3422 158 3492 2)
176 3425 272 3476 Videre
292 3426 344 3488 est,
370 3438 449 3488 quam
468 3439 528 3475 meo
546 3424 603 3474 iure
622 3424 733 3475 dixerim
752 3424 870 3474 eiusdem
889 3424 1053 3476 collectionis
1073 3427 1207 3494 exemplar

78 3522 140 3569 sato
152 3516 282 3567 Rhenano
301 3515 336 3565 ad
354 3531 448 3566 manus
466 3515 557 3567 fuisse.
588 3517 703 3567 Mutabit
720 3516 833 3567 fortasse
846 3516 1026 3569 Krumbacher
1039 3520 1206 3591 sententiam,

78 3626 133 3660 ram
152 3625 178 3674 p.
199 3608 233 3656 66
254 3608 315 3661 adn.
334 3606 369 3657 38
390 3608 522 3673 exposuit:
547 3607 620 3658 Mon.
646 3610 735 3675 capita
760 3624 777 3658 a
794 3608 977 3675 ludimagistro
1002 3611 1155 3676 perturbata
1179 3616 1207 3662 et

78 3706 157 3754 utata
174 3701 252 3751 Beati
269 3699 391 3750 Rhenani
408 3699 504 3751 librum
524 3699 652 3751 effecisse.

127 3791 158 3861 3)
177 3794 217 3844 Ne
231 3793 288 3859 quis
307 3793 422 3856 miretur,
445 3791 516 3858 quod
537 3794 636 3859 „stellis
656 3790 830 3844 caelestibus“
845 3793 894 3843 sub
906 3793 968 3844 XII.
987 3795 1146 3846 enumeratis
1165 3796 1205 3845 in-

78 3901 134 3952 iper
159 3885 266 3936 additur
290 3881 352 3954 περὶ
377 3875 505 3950 ἀστέρων,
535 3901 630 3936 moneo
654 3887 683 3936 in
701 3886 785 3938 Mont.
810 3900 869 3936 sese
893 3886 1013 3951 excipere
1032 3889 1121 3953 capita
1145 3887 1206 3957 περὶ

78 3976 106 4028 iv
115 3968 140 4038 ζ’
152 3969 268 4046 ἀστέρων
277 3971 414 4042 πλανητῶν
428 3974 478 4041 „de
491 3981 593 4041 septem
603 3978 689 4028 stellis
702 3974 836 4028 erraticis“
853 3984 880 4026 et
890 3975 952 4047 περί
965 3970 1067 4049 άστρων
1077 3972 1206 4046 οὐρανίων

78 4071 107 4121 le
132 4069 215 4134 signis
241 4064 425 4119 caelestibus“.
468 4067 544 4118 Prior
562 4071 654 4122 titulus
673 4071 721 4121 sub
740 4070 810 4122 XIV.
830 4069 942 4120 fortasse
966 4069 1040 4120 latet.
1083 4069 1205 4122 Ceterum

78 4164 87 4216 ·.
108 4161 164 4213 sna
183 4162 208 4212 u
226 4162 254 4212 11
272 4159 341 4211 infra
360 4158 544 4212 exhibendum.
614 4141 616 4146 ’

931 4245 974 4310 2*
