2618 4614
582 238 726 336 „po-p-

42 436 168 501 icotiva
204 436 401 524 formavitl)
428 440 614 528 Latinisque
640 439 822 506 nominibus
832 441 858 527 ²)
886 463 963 504 usus
996 446 1053 504 est.
1105 438 1230 524 Harpo-

42 539 198 604 crationi
223 541 396 608 Mendesio
416 543 499 608 XIV
513 544 574 608 648
596 567 669 608 cum
690 544 836 631 placenta
856 542 963 629 aliqua
983 542 1070 628 apud
1092 542 1229 605 Alexan·
1273 557 1276 561 “

41 640 163 708 drinos
198 646 334 710 usitata
359 668 409 710 res
432 653 489 710 est.
532 647 680 711 Aetatem
702 645 877 731 Chrysippi
899 645 1030 710 definire
1051 645 1125 709 inde
1147 643 1229 729 licet,

40 745 137 832 quod
161 745 377 834 Apicianam
387 752 414 834 3)
444 748 621 834 placentam
644 751 748 814 novit:
775 749 832 813 vix
852 749 951 833 igitur
971 756 1045 813 ante
1066 747 1230 813 Tiberium

38 849 150 914 luisse
184 859 319 937 potest.
362 851 572 937 Excerpsissc
598 874 674 916 vero
701 853 807 938 ipsum
830 851 1028 916 Athenaeum
1058 850 1138 915 duos
1160 849 1229 914 illos

38 951 151 1017 libros
168 975 250 1018 non
267 955 337 1019 veri
351 963 399 1019 est
414 954 524 1038 simile,
552 955 627 1040 quia
640 953 798 1040 Ulpianus
813 978 845 1041 p.
858 956 919 1021 648
931 977 949 1017 c
963 955 1087 1040 quaerit
1101 952 1230 1039 quidem

10 1084 12 1113 ι
39 1054 159 1121 Πόθεν
186 1056 287 1140 ὑμῖν,
310 1046 334 1121 oi
356 1058 632 1138 πολυμαθέστατοι
652 1061 869 1142 γραμματικοί,
891 1060 943 1122 καί
964 1058 996 1122 ἐκ
1011 1061 1103 1134 ποίας
1120 1062 1230 1142 βιβλιο-

10 1144 12 1193 ³
40 1158 157 1241 θήκης
197 1157 407 1245 ἀνεφάνησαν
436 1161 467 1225 oi
496 1160 682 1241 σεμνότατοι
711 1147 800 1225 οίιτοι
821 1169 1017 1248 συγγραφεῖς,
1045 1161 1230 1245 Χρύσιππος

10 1268 14 1385 'y
41 1266 97 1328 καί
124 1261 402 1351 Ἁρποκρατίων,
433 1262 652 1347 διαβάλλοντες
679 1269 781 1328 καλῶν
808 1262 950 1343 ὀνόματα
979 1261 1162 1350 φιλοσόφων
1189 1267 1227 1344 τῇ

10 1390 13 1453 f
41 1365 248 1452 ovmvvulry3
274 1365 331 1430 sed
344 1388 402 1431 neo
420 1367 490 1452 ipse
505 1366 625 1448 ζήτημα
640 1389 732 1430 suum
748 1365 850 1449 solvit,
869 1388 929 1431 nec
943 1366 1023 1431 alius
1038 1387 1228 1450 responsum

10 1482 13 1567 y
40 1469 119 1535 fert.
174 1469 351 1533 Nimirum
372 1468 411 1533 de
432 1468 521 1533 libris
542 1468 706 1534 hominum
727 1470 910 1535 Athenaeus
934 1492 999 1534 non
1020 1467 1112 1554 plura
1134 1490 1229 1553 quam

41 1572 83 1638 ‹le
107 1573 213 1658 ipsis
237 1580 404 1657 comperta
423 1570 550 1636 habuit:
571 1571 649 1636 nihil
669 1580 796 1658 practer
815 1574 945 1637 nomina
963 1574 1061 1636 novit.

10 1724 12 1729 -
138 1676 290 1740 Tertius
317 1673 551 1755 πεμματολόγος
580 1674 745 1760 Iatrocles,
773 1677 828 1762 qui
854 1677 981 1741 nomine
1008 1674 1166 1739 medicum
1195 1697 1229 1738 se

10 1752 14 1843 l
42 1779 262 1865 profitetur,
291 1778 379 1842 ouius
401 1777 577 1842 V11326e
605 1801 647 1841 cx
665 1777 832 1864 Pamphilo
854 1779 983 1844 affertur
998 1777 1229 1866 Ἀρτοποιικάς,

42 1883 93 1947 ita
125 1889 175 1945 ut
209 1902 291 1946 sana
315 1881 395 1944 ratio
423 1889 549 1966 poscat,
577 1888 613 1943 ut
640 1880 712 1946 libri
733 1880 815 1946 XIV
842 1903 968 1968 quoquc
991 1888 1140 1966 quattuor
1159 1878 1229 1943 illos

10 2000 13 2051 ἱ
42 1983 158 2068 locos,
187 1980 311 2068 quibus
333 1982 375 2047 ad
396 1983 537 2047 ciusdem
560 1983 599 2047 de
621 1982 774 2069 placentis
796 1983 911 2048 librum
930 1987 1165 2070 provocatum),
1188 1983 1230 2047 ad

10 2074 12 2123 ³
43 2084 282 2173 Pamphilum
314 2085 497 2149 referamus.
558 2086 655 2150 Parvi
689 2095 763 2151 sunt
790 2089 943 2151 momenti
970 2085 1159 2173 Agclochi⁵)
1188 2086 1229 2151 de

10 2228 13 2287 ρ
45 2189 233 2256 castaneis
257 2187 416 2275 [1154d]‚
444 2187 649 2274 Antiphontis
658 2192 684 2273 θ)
709 2189 748 2254 de
770 2191 848 2276 piris
872 2189 925 2278 [cx
945 2189 1026 2255 libro
1049 2193 1121 2275 περὶ
1140 2213 1230 2278 γεωρ-

10 2306 13 2369 ῥ
45 2298 153 2377 γικῶν
182 2290 272 2354 XIV
286 2290 383 2372 cuce,
416 2290 472 2354 ubi
497 2301 571 2376 post
592 2293 698 2379 ipsum
720 2292 923 2379 Pamphilum
943 2292 1228 2382 commemoratur]‚

10 2378 14 2479 l
46 2393 232 2461 Eumachi
248 2391 419 2478 Corcyraei
440 2397 473 2457 in
493 2397 678 2482 ῥιζοτομικῷ
695 2397 733 2460 dc
748 2395 879 2459 floribus
903 2395 978 2484 [XV
993 2397 1052 2461 681
1067 2397 1106 2484 e],
1128 2396 1229 2461 Horo-

10 2486 14 2601 }
47 2499 127 2564 doti
143 2496 253 2582 Lycii
270 2497 303 2558 in
317 2495 399 2560 libro
423 2497 462 2561 de
484 2497 551 2560 ficis
575 2497 637 2586 [III
653 2498 722 2562 Ibf
733 2508 765 2563 et
780 2500 819 2578 78
832 2498 863 2588 d]
888 2500 1076 2564 testimonia.
1112 2497 1231 2563 Archa-

10 2616 13 2675 λ
48 2600 190 2688 gathus
204 2597 256 2662 IV
258 2648 266 2681 ,
280 2597 370 2661 158a
384 2598 453 2663 loco
471 2601 708 2686 corruptissimo
720 2610 984 2666 commemoratus
999 2625 1075 2665 num
1087 2602 1229 2666 medicus

10 2692 12 2791 ζ
49 2707 97 2769 sit
122 2712 163 2768 et
189 2701 328 2766 fortasse
349 2701 434 2765 idem
455 2724 493 2766 ac
515 2701 655 2768 Graccus
677 2703 738 2788 illc,
761 2706 816 2790 qui
836 2702 911 2768 belli
927 2704 1131 2770 Hannibalici
1152 2714 1229 2769 tem-

10 2802 12 2873 ἷ
49 2807 208 2896 poribus
238 2806 360 2890 primus
381 2804 516 2870 Romam
540 2807 780 2893 immigravit'),
808 2806 938 2872 cohibeo
965 2807 1125 2872 iudicium.
1176 2807 1229 2870 Ex

10 2988 12 2997 Ι
50 2907 252 2975 Philonidis
268 2906 381 2972 medici
397 2907 436 2972 de
450 2910 620 2992 unguentis
636 2919 668 2974 ct
679 2913 804 2974 coronis
819 2932 914 2997 opere
931 2933 1011 2997 quae
1026 2910 1230 2998 proferuntur

51 3014 128 3078 XV
146 3011 219 3078 675
232 3017 357 3094 a—e⁸)‚
379 3011 482 3076 redire
503 3011 651 3075 dicuntur
672 3012 715 3076 ad
728 3014 861 3079 verbum
880 3015 967 3101 apud
981 3012 1228 3100 Apollodorum:

48 3129 245 3141 .-—-—-—---
255 3128 405 3134 .-......-,...
419 3130 424 3134 .
432 3129 442 3133 -
460 3130 501 3134 ..-

142 3184 176 3251 1)
198 3177 376 3251 ἀρτοπτίκιος,
396 3181 562 3252 κλιβανίκιος,
582 3184 757 3256 στρεπτίκιος,
776 3183 927 3256 σησαμᾶτα.

142 3276 178 3343 2)
195 3273 323 3346 φουρνος,
335 3275 492 3345 φουρνίκιος,
504 3275 623 3347 ματερία,
634 3273 745 3348 βωλήτη,
759 3277 910 3348 βωλητῐνος,
921 3277 1073 3349 φουμῶσος,
1086 3277 1229 3349 κλοῦστρον

10 3404 12 3413 =
55 3371 108 3439 [cf.
130 3367 240 3420 Archiv
258 3367 277 3417 f.
296 3368 435 3433 chicogr.
455 3369 477 3433 Ι,
499 3367 570 3434 111],
595 3365 760 3434 πελούκιδον,
784 3370 933 3439 γουττᾶτον,
959 3365 1080 3434 κάτιλλος
1104 3364 1227 3442 ὀρνᾶτος,

10 3468 12 3475 “
56 3457 242 3534 φλαβίλλιον.

147 3553 179 3619 3)
206 3551 239 3603 cf.
259 3553 329 3616 XIV,
351 3553 431 3603 6470
452 3555 551 3618 cumI,
567 3556 581 3603 7
596 3570 619 3605 a.
642 3583 674 3590 -
695 3554 857 3620 Chrysippus
883 3551 958 3625 ἐντῷ
977 3554 1038 3627 περὶ
1055 3549 1176 3624 λαχάνων
1199 3556 1228 3606 in

10 3644 12 3681 ¹
60 3647 157 3700 schol.
180 3645 240 3694 Nic.
260 3644 338 3694 Ther.
358 3646 392 3695 ad
411 3663 435 3696 v.
456 3645 508 3694 846
528 3652 616 3711 potest
635 3647 744 3698 Cnidius
763 3647 853 3697 fuisse.

170 3736 180 3802 )
200 3738 273 3800 XIV,
294 3736 436 3802 oloabf,
458 3739 576 3790 647bc.

171 3828 304 3893 )Nomen
329 3829 397 3878 redit
423 3830 492 3882 clo.
517 3831 585 3880 1583
610 3833 638 3881 in
662 3832 773 3882 Boeotio
799 3831 905 3882 homine
930 3827 1059 3899 Αγέλοχος
1075 3827 1228 3885 Ἀσκλαπια-

170 4010 180 4075 )
200 4011 317 4076 Antipho
336 4013 453 4064 medicus
473 4019 514 4065 est
532 4015 604 4080 apud
621 4014 689 4064 Poll.
709 4014 745 4077 ΙΙ,
766 4016 828 4062 223.

172 4103 182 4167 )
202 4104 271 4154 Plin.
291 4121 317 4155 n.
337 4104 363 4155 h.
382 4105 480 4170 XXIX,
502 4107 524 4170 1,
547 4109 589 4158 12.
625 4105 705 4156 Fabr.
726 4107 788 4156 bibl.
808 4106 852 4158 Gr.
872 4107 948 4170 XIII,
972 4107 1012 4158 78.

170 4195 182 4260 )
202 4193 235 4244 cf.
256 4194 309 4244 676
324 4211 344 4246 c.
366 4196 417 4245 691
432 4197 450 4249 f.
487 4199 578 4249 Diosc.
597 4197 643 4262 IV,
666 4197 726 4248 141.
764 4199 844 4250 Fabr.
862 4198 940 4263 ΧΙΙΙ,
959 4198 1023 4251 368,

147 3742 168 3787 4

149 3830 169 3877 5

64 3920 170 3989 γένυος.

150 4012 168 4060 6

153 4105 168 4152 7

150 4196 168 4243 8
