2618 4614
580 249 730 349 'Ed-

55 450 200 537 glossae
225 452 383 534 tribuerit,
406 451 466 514 hoc
485 451 626 516 nondum
649 450 796 516 diiudico.
832 451 966 516 Inclinat
987 460 1093 517 tamen
1114 474 1151 517 eo
1166 455 1231 517 ani-

53 577 144 639 mus,
171 564 217 619 ut
238 555 327 620 illam
350 555 535 618 sententiam
558 556 714 639 potiorem
736 554 864 635 ducam;
896 576 961 617 non
981 563 1047 619 tam
1069 564 1104 620 ut
1124 556 1230 619 incon-

52 659 212 722 stantiae
236 657 445 743 opprobrium
467 657 599 742 effugiat
613 656 809 743 Pamphilus,
832 678 928 741 qnam
949 657 1025 742 quia
1044 657 1231 723 crediderim

50 759 282 826 Athenaeum
296 782 360 824 non
374 758 537 824 librarium
560 759 708 824 stolidum
724 781 818 844 agere
832 757 980 842 voluisse,
997 760 1100 824 sedin
1114 760 1231 824 adden-

51 863 108 928 dis
134 862 338 950 supplendis
361 862 542 927 ordinandis
558 861 743 927 exsecandis
766 885 857 927 suum
880 884 974 949 saepe
997 872 1140 928 secutum
1161 886 1230 929 esse

50 965 294 1050 eonsilium1).

150 1069 256 1150 Quae
285 1090 357 1131 cum
388 1069 433 1131 ita
461 1069 532 1149 sint,
561 1070 614 1153 qui
642 1067 773 1131 medicis
796 1067 881 1154 apud
903 1067 1105 1154 Pamphilum
1126 1068 1230 1133 locum

50 1173 126 1255 dat,
153 1171 319 1237 concedet
339 1193 402 1234 non
417 1172 559 1256 potuisse
574 1194 594 1234 a
606 1168 841 1255 lexicographo,
864 1171 951 1257 quod
965 1192 1023 1257 per
1038 1193 1071 1234 se
1086 1173 1154 1235 veri
1169 1171 1230 1235 dis-

52 1274 191 1357 simile,
222 1296 294 1338 eum
319 1274 462 1338 ordinem
484 1273 593 1356 teneri,
616 1294 710 1357 quem
732 1273 857 1357 putavit
878 1295 928 1338 ex.
950 1295 997 1358 gr.
1019 1273 1063 1337 M.
1087 1273 1230 1338 Schmidt

53 1377 199 1443 Suidae
213 1377 284 1441 loco
300 1376 339 1440 de
355 1376 456 1440 α’-δ’
472 1375 684 1461 aZopyrione
696 1374 844 1439 confectis
855 1377 956 1439 nisus:
971 1376 1120 1439 nimirum
1131 1376 1231 1440 voluit

51 1479 282 1566 Pamphilum
303 1479 338 1542 in
358 1480 541 1543 universum
563 1477 739 1541 litterarum
761 1477 903 1541 ordinem
919 1487 1061 1542 secutum
1084 1501 1162 1562 esse,
1185 1481 1230 1544 ita

52 1592 96 1648 ut
126 1583 281 1670 primum
309 1602 417 1656 omnes
445 1581 485 1644 ab
514 1604 534 1643 α
556 1579 710 1664 ἀθίηάθβ
741 1589 798 1644 etc.
835 1580 1021 1666 incipientes
1050 1580 1172 1666 glossas
1199 1591 1231 1647 et

53 1687 172 1766 λέξενς
189 1683 343 1770 posuerit,
365 1683 448 1747 intra
462 1681 601 1767 singulas
617 1688 723 1746 autem
744 1681 863 1746 litteras
886 1690 918 1746 et
931 1683 1100 1747 verborum
1113 1683 1230 1749 classes

10 1850 12 1855 .
56 1789 94 1879 [a
126 1788 270 1872 tragicis
305 1786 432 1849 comicis
465 1785 643 1850 oratoribus
675 1784 831 1848 historicis
860 1785 1001 1849 Homero
1033 1785 1230 1873 Hippocrate

10 1890 12 1895 ’
55 1887 317 1976 usurpatorum]
352 1896 383 1952 et
414 1911 519 1952 rerum
551 1910 669 1973 genera
700 1888 746 1976 [ut
774 1889 808 1949 in
838 1888 1050 1977 onomasticis]
1085 1887 1232 1955 distincta

54 1992 186 2057 fuisse.
238 1990 310 2071 Qua
335 1993 369 2055 in
397 1991 603 2077 dispositione
632 2012 703 2053 cum
729 1989 791 2054 alia
817 1999 907 2055 erant
934 1991 1134 2056 incommoda
1162 2002 1229 2056 tum

55 2097 196 2160 mirum
219 2115 315 2179 quam
337 2117 431 2180 saepe
453 2093 564 2158 eadem
585 2093 684 2157 verba
705 2090 865 2156 debebant
885 2095 1057 2157 retractari.

162 2195 304 2260 Omnino
333 2195 409 2259 ordo
436 2195 610 2259 litterarum
639 2219 659 2260 a
679 2194 838 2280 Pamphili
858 2194 959 2259 lexico
981 2195 1093 2281 procul
1113 2196 1229 2262 haben-

55 2300 147 2383 dus,
173 2320 234 2363 nec
255 2297 356 2363 solum
378 2300 411 2361 in
432 2307 499 2362 toto
522 2319 617 2383 opere
640 2295 857 2361 distribuendo
879 2319 944 2361 non
965 2297 1082 2381 valuit,
1111 2299 1167 2363 sed
1188 2324 1228 2365 ne

56 2405 160 2466 intra
189 2399 315 2486 singula
344 2399 472 2487 quidem
508 2401 612 2485 capita
638 2399 795 2463 admissus
823 2398 965 2482 videtur;
1001 2400 1117 2487 quibus
1144 2405 1229 2467 enim

58 2504 274 2590 argumentis
296 2503 356 2566 hoc
370 2502 540 2588 probatum
562 2510 715 2588 putarunt
723 2511 759 2589 ²),
781 2524 845 2566 non
861 2524 1007 2587 agnosco.
1044 2503 1228 2570 Tractatum

59 2609 148 2693 περὶ
172 2610 309 2691 βοτανῶν
331 2628 350 2669 a
370 2605 472 2670 lexico
487 2604 598 2691 procul
620 2626 675 2668 cur
696 2604 829 2670 habeam
852 2605 1057 2691 ordinemque
1079 2609 1147 2672 eius
1169 2609 1228 2673 ele-

58 2709 270 2775 mentarium
285 2708 326 2772 ad
340 2716 441 2772 totmn
463 2706 541 2771 illud
555 2706 873 2794 pharmacologorum
889 2706 928 2771 de
949 2707 1055 2772 herbis
1071 2711 1229 2776 scribendi

62 2834 180 2899 genus
191 2811 334 2894 referam,
347 2833 444 2896 supra
455 2811 589 2896 exposui
599 2833 630 2896 p.
644 2811 684 2875 76
697 2833 742 2897 sq.
773 2809 868 2890 Quod
878 2831 954 2874 vero
967 2810 1009 2874 ad
1019 2811 1177 2877 Athenaei
1187 2814 1226 2879 de

62 2915 220 3004 piscibus
252 2922 284 2978 et
314 2913 399 2977 vasis
430 2913 563 2998 potoriis
589 2911 687 2977 libros
717 2912 792 3001 [VII
814 2921 845 2977 et
867 2912 927 3001 XI]
961 2924 1144 3000 provocant,
1176 2939 1227 2981 me

63 3019 182 3084 iudice
204 3018 309 3080 minus
331 3017 426 3079 etiam
448 3014 598 3079 audiendi
619 3024 707 3098 sunt3
738 3038 813 3080 nam
833 3016 982 3100 primum,
1013 3017 1039 3078 si
1061 3016 1227 3083 elemento-

65 3144 149 3186 rum
171 3120 249 3184 ordo
270 3121 354 3182 intra
376 3118 480 3202 capita
502 3117 647 3199 obtinuit,
677 3119 731 3203 qui
752 3119 880 3200 factum,
907 3127 942 3180 ut
962 3119 1023 3181 nisi
1048 3120 1081 3183 in
1102 3120 1227 3186 duobus

67 3224 139 3289 illis
154 3221 244 3287 libris
259 3244 389 3308 prorsus
405 3223 445 3285 sit
464 3220 660 3285 exstinctus?
682 3219 795 3284 deinde
809 3219 1005 3307 Pamphilus,
1028 3224 1082 3307 qui
1099 3224 1133 3286 in
1147 3233 1227 3287 trac-

67 3334 147 3392 tatu
162 3323 201 3389 de
216 3323 322 3389 herbis
344 3346 453 3388 omnes
467 3323 594 3388 videtur
615 3322 733 3387 litteras
756 3325 789 3385 in
804 3323 978 3387 ordinando
1000 3327 1180 3410 respexisse
1188 3328 1225 3413 ³),

69 3428 221 3516 profecto
243 3449 307 3491 non
329 3428 405 3492 satis
426 3426 589 3491 habuisset
610 3426 643 3488 in
663 3424 764 3489 lexico
786 3425 837 3490 vel
858 3424 1011 3510 glossario
1032 3427 1151 3491 nullam
1165 3431 1227 3493 nisi

71 3533 215 3619 primam
238 3552 370 3594 -raro
400 3530 571 3594 secundam
594 3526 790 3593 —litteram
819 3538 993 3615 spectasse,
1026 3538 1145 3595 ceteras
1173 3553 1226 3596 ne-

154 3720 182 3788 1)
201 3722 279 3772 Facit
302 3720 362 3784 huc,
388 3737 454 3787 quae
478 3721 623 3771 innumeris
647 3722 774 3787 exemplis
797 3726 885 3789 potest
910 3722 1030 3787 probari,
1059 3725 1224 3775 consuetudo

73 3814 206 3866 lectorum
226 3813 259 3863 ab
279 3813 361 3863 altera
380 3812 565 3878 disputationis
580 3817 655 3878 parte
674 3813 709 3862 ad
726 3813 837 3864 alteram
854 3814 1064 3880 relegandorum.

153 3904 180 3972 2)
199 3905 272 3955 velut
284 3906 320 3956 M.
334 3904 453 3955 Schmidt
468 3905 575 3967 Quaest.
585 3905 650 3956 Hes.
665 3904 788 3955 CLXXII
801 3910 827 3956 et
836 3906 933 3957 Weber
944 3907 961 3957 l.
975 3907 1002 3971 l.,
1016 3922 1093 3973 quom
1107 3908 1223 3973 sequitur

74 4001 154 4065 Bapp
173 3998 221 4049 l.l.

153 4088 182 4154 3)
200 4089 383 4139 Recensentur
407 4090 508 4154 primae
533 4105 550 4140 a
572 4089 674 4141 Galeno
696 4089 747 4140 hoc
772 4089 878 4140 ordine:
908 4082 1086 4160 ἀβρότονος,
1112 4082 1223 4157 ἄγνος

76 4172 235 4252 drocone,
255 4172 399 4249 ἄγχουσα,
419 4174 559 4251 ἀδίαντον,
578 4175 677 4244 ἀετός.

980 4250 1007 4313 b
