2618 4614
660 211 807 310 jo-

157 434 229 476 eum
258 412 507 498 comparandum
535 421 584 479 est
610 422 641 477 et
669 413 863 478 Philemonis
892 414 1093 478 Aexonensis
1124 415 1196 478 sive
1216 415 1302 480 Athe-

155 515 273 579 niensis
304 518 377 603 περὶ
403 520 615 582 παντοδαπῶν
641 519 835 602 γρηστηρίων
847 517 871 603 1)
902 540 983 603 opus
1010 525 1042 581 et
1070 518 1126 602 qui
1153 517 1300 583 Hadriani

154 617 252 682 fuisse
267 618 393 683 videtur
413 621 620 705 temporibus,
643 618 775 705 Telephi
798 622 870 703 περὶ
890 617 1029 703 χρήσεως
1051 618 1124 700 ἤτοι
1146 618 1299 701 ὀνομάτων

155 719 289 802 ἐσθῆτος
311 724 363 786 καὶ
385 727 447 787 τῶν
469 720 569 787 ἄλλων
588 714 637 796 οἷς
659 723 808 808 χρώμεθα
831 722 908 810 [ἔστι
931 722 966 786 δὲ
987 723 1068 786 κατὰ
1092 723 1258 812 στοιχεῖον]
1266 725 1295 810 ²).

237 822 331 888 Unde
352 824 558 890 redeuntibus
579 823 621 889 ad
643 833 787 910 tempora
808 826 917 910 priora
937 825 1092 910 Tryphon
1114 847 1186 891 sese
1207 825 1293 908 offert,

153 926 316 991 Ammonii
343 927 427 991 filius
453 926 707 1011 Alexandrinus,
743 928 797 1014 qui
828 928 954 1014 scripsit
984 929 1056 1015 περὶ
1081 926 1291 1014 ὀνομαστῶνΒ),

153 1030 242 1093 cuius
265 1031 370 1115 operis
392 1028 474 1095 liber
493 1029 544 1093 III
567 1033 639 1116 περί
661 1029 762 1094 αὐλῶν
783 1028 843 1093 fuit
864 1033 917 1093 καί
939 1026 1087 1116 ὀργάνων,
1109 1030 1145 1093 Π
1167 1053 1239 1096 vero
1256 1033 1292 1095 ri-

154 1130 245 1196 detur
261 1131 418 1215 αὐλήσεων
432 1141 464 1198 et
477 1133 758 1197 instrumentorum
777 1134 971 1196 musicorum
986 1133 1149 1197 variorum
1168 1133 1289 1215 ὀνόματα

151 1234 336 1320 complexus
358 1258 437 1301 esse.
460 1237 533 1322 περὶ
552 1235 637 1321 ζῴων
658 1242 764 1299 autem
792 1257 865 1298 cum
888 1237 1092 1322 scripserit4),
1123 1235 1287 1304 Callimachi

151 1346 183 1401 et
204 1338 429 1424 Aristophanis
450 1339 595 1423 vestigiis
617 1337 744 1402 videtur
764 1338 926 1404 institisse.
958 1341 1070 1425 φατι-κά
1100 1363 1165 1426 qua
1185 1342 1283 1407 ratione

150 1439 268 1505 fuerint
289 1440 446 1526 disposita
465 1442 625 1507 nescimus
634 1443 670 1524 ⁵).
711 1440 789 1525 Egit
810 1441 920 1527 procul
938 1441 1035 1507 dubio
1051 1442 1091 1506 de
1112 1443 1223 1507 iisdem
1235 1443 1282 1509 fere

150 1542 257 1626 rebus,
280 1565 361 1630 quae
376 1543 603 1628 glossariorum
619 1544 776 1630 capitibus
793 1547 865 1631 περὶ
885 1548 1033 1634 γεωργίας
1056 1545 1121 1634 [καί
1143 1546 1279 1634 ἐργαλείων

152 1644 358 1735 ἀγροικικῶν],
385 1650 456 1734 περί
481 1647 663 1729 ἀμπελῶνος
688 1648 741 1710 καὶ
765 1653 926 1733 τρυγητοῢ,
960 1651 1033 1735 περὶ
1054 1649 1204 1732 λαχάνων,
1229 1651 1279 1737 περὶ

151 1749 269 1832 ἀνθῶν,
292 1751 364 1835 περὶ
386 1749 534 1838 ὀσπρίων,
558 1751 631 1833 περὶ
652 1749 789 1837 δένδρων
810 1751 1018 1815 continentur.

150 1932 282 1983 Athenaei
300 1932 360 1985 loeo
379 1934 473 1984 similis
488 1934 552 1984 insit
571 1932 733 1997 corruptela:
752 1934 809 1998 XV,
824 1907 908 1984 δίδοτ’
919 1928 1073 2004 Ἐπιθυμίς.
1093 1930 1219 1998 niueos
1234 1945 1284 2004 φησι.

152 2019 200 2092 ,τὰ
220 2018 307 2076 πάντα
320 2018 539 2095 στεφανῶματα“,
559 2024 605 2074 ubi
621 2025 724 2074 conicio
736 2019 771 2075 τὰ
783 2019 941 2077 παντοδαπὰ
954 2021 1157 2095 στεφανώματα.
1189 2027 1219 2077 cf.
1230 2040 1276 2092 qnae

150 2122 275 2168 secuntur
288 2123 315 2168 et
326 2119 355 2168 in
367 2119 459 2183 primis
470 2119 550 2169 Hes:
564 2112 719 2184 ἐπιθυμίδες
732 2111 763 2166 τὰ
777 2111 934 2168 παντοδαπὰ
949 2112 1152 2187 στεφανώματα.
1176 2119 1207 2170 cf.
1220 2119 1277 2169 etim

150 2211 215 2274 VII,
236 2209 319 2262 asos.
332 2209 356 2260 f:
381 2205 515 2281 τράπεζαν
534 2248 540 2262 .
561 2247 568 2260 .
588 2246 595 2260 .
616 2192 690 2277 ipris
710 2203 798 2278 βωμὸς
816 2205 902 2261 ἔκειτο
923 2206 1035 2260 καὶτῶν
1054 2205 1108 2262 ἀπὸ
1135 2208 1182 2279 γῆς
1198 2203 1277 2261 πάντα

151 2302 242 2368 [Marc.
256 2302 317 2353 add.
332 2300 409 2367 ανον]
429 2297 556 2374 ἀπαρχαί,
575 2300 621 2352 ubi
639 2297 816 2353 παντοδαπῶν
836 2318 901 2352 corr.
914 2301 1022 2352 Kaibel:
1043 2303 1077 2352 de
1090 2302 1219 2354 Athenaei
1233 2301 1277 2367 epi.

150 2395 242 2460 Progr.
263 2393 388 2457 Rostoch,
411 2393 489 2458 1883,
512 2410 538 2459 p.
561 2394 585 2445 7.

225 2485 253 2552 1)
273 2487 307 2536 cf.
325 2485 422 2539 Athen.
441 2486 492 2550 ΙΙΙ,
517 2485 600 2536 trid.

224 2576 253 2642 2)
274 2577 307 2628 cf.
334 2577 407 2628 Snid.
435 2594 455 2628 s.
479 2594 504 2628 v.
532 2570 664 2646 Τήλεφος.
713 2576 823 2642 Telephi
849 2593 914 2642 opus
940 2567 976 2612 -'-
1002 2579 1120 2628 0mnium
1145 2579 1222 2644 longe
1246 2592 1277 2644 po·

150 2675 275 2720 stremum
288 2669 372 2719 —ad
390 2671 536 2720 litterarum
557 2669 677 2720 ordinem
697 2669 828 2734 digestum
846 2670 928 2720 fuisse
947 2670 1103 2721 notandum.
1134 2670 1236 2722 Ceteros
1248 2683 1276 2719 rer

149 2767 255 2813 secutos
274 2762 428 2825 verisimile3
455 2763 552 2812 etenim
571 2766 715 2826 potuerunt
733 2761 799 2811 haec
818 2762 873 2812 fere
894 2764 984 2828 capita
1004 2763 1164 2814 constituere
1181 2776 1207 2815 π.
1224 2757 1277 2833 ipra·

149 2852 234 2922 λείων,
253 2850 413 2922 ἐνδομενίας,
433 2850 548 2921 ἱματίων,
569 2851 698 2921 σκυτίνων,
719 2848 879 2926 ἀρωμάτων,
897 2847 1023 2922 πλούτου,
1042 2852 1157 2926 χρυσῶν,
1176 2847 1276 2926 ἀργυρῶν,

150 2943 261 3014 χαλκῶν,
281 2941 405 3015 σιδηρῶν,
424 2941 523 2995 σκευῶν
542 2937 709 3016 ὀστρακίνων,
729 2943 876 3016 ίστουργίας
896 2951 945 2996 etc.

223 3036 253 3102 3)
273 3036 306 3088 cf.
326 3035 422 3087 Athen.
441 3036 488 3100 IV,
510 3036 591 3086 174e.
612 3029 755 3104 ὀνοματικὰ
772 3037 844 3087 idem
864 3054 931 3103 opus
951 3039 1026 3088 audit
1044 3039 1097 3102 XI,
1119 3039 1208 3090 cond:
1229 3048 1277 3088 con.

150 3120 319 3196 ὀνομαστικοί.
358 3129 391 3178 ci.
411 3129 482 3192 XIV,
503 3126 587 3178 634d.
608 3127 692 3179 6180.
712 3129 772 3193 aha,
795 3145 861 3194 quac
882 3130 989 3195 collegit
1006 3131 1038 3181 A.
1060 3131 1092 3181 de
1105 3133 1216 3182 Velsen:
1231 3129 1277 3193 Tu·

150 3220 247 3287 phonis
280 3221 446 3286 grammatici
474 3221 648 3272 Alexandrini
682 3220 838 3286 fragmenta.
888 3222 1006 3272 Berolini
1034 3223 1118 3288 1853,
1144 3241 1170 3289 p.
1190 3223 1221 3273 ih
1236 3234 1277 3287 σμγ

149 3314 247 3364 Filium
271 3313 429 3378 Dionysium
454 3319 500 3364 aut
527 3330 624 3364 novam
653 3314 797 3364 editionem
823 3315 910 3380 operis
934 3315 1038 3379 paterni
1066 3313 1129 3386 περὶ
1152 3308 1277 3384 ὀνομασιῶν

151 3421 257 3456 curasse
277 3409 323 3456 aut
341 3406 427 3470 ipsum
448 3421 514 3470 opus
537 3407 678 3471 perfecisse
701 3412 732 3456 ut
749 3411 880 3473 putemus,
906 3407 1003 3459 Athen.
1022 3408 1069 3472 XI,
1089 3407 1167 3458 5030
1185 3413 1211 3459 et
1224 3402 1277 3465 xlv,

151 3499 227 3548 orla
251 3496 286 3563 [v.
304 3497 390 3563 ipsum
409 3497 577 3563 Tryphonem
603 3495 695 3563 asca]
720 3499 843 3549 videntur
868 3499 987 3549 suadere.
1015 3527 1048 3536 —
1074 3499 1197 3553 Ceterum
1213 3493 1277 3551 hient

150 3590 249 3641 alicubi
267 3591 366 3639 mentio
385 3590 521 3640 inicienda
538 3590 704 3641 Menaechmi
717 3587 744 3642 ἐν
756 3594 813 3653 τοῖς
831 3590 892 3662 περὶ
909 3589 1037 3659 τεχνιτῶν,
1069 3592 1104 3644 cf.
1120 3593 1214 3646 Athen.
1224 3587 1276 3653 ΧΠ,

151 3683 237 3733 sabb.
265 3682 371 3746 Fragm.
391 3688 431 3732 est
449 3683 482 3732 de
501 3683 649 3747 magadide.

224 3771 253 3839 4)
273 3773 306 3824 ci.
325 3772 422 3823 Athen.
440 3775 501 3838 VII,
521 3775 599 3822 324f.
638 3776 735 3826 Velsen
754 3793 780 3840 p.
801 3776 844 3824 89.
1291 3821 1292 3824 ,

224 3867 252 3926 ὁ)
271 3865 317 3915 Uti
334 3867 428 3930 potuit,
447 3882 488 3916 res
508 3867 530 3916 si
543 3867 652 3930 curavit,
672 3865 847 3931 Theophrasti
859 3871 885 3916 et
897 3867 1016 3918 Phaniae
1028 3869 1181 3920 Eresiorum
1194 3864 1274 3934 [Αίδα-
1288 3890 1291 3895 ·

149 3959 187 4020 ΙΙ,
208 3957 274 4008 toa.
292 3957 344 4021 111,
364 3955 441 4022 δία]
461 3957 521 4028 περὶ
540 3956 626 4026 φυτῶν
646 3958 777 4023 operibus,
798 3960 891 4022 quibus
911 3959 1044 4020 adderem,
1068 3961 1148 4012 modo
1168 3956 1290 4023 eonstuss'

151 4050 184 4100 de
203 4050 365 4115 temporibus
384 4047 525 4121 γεωργικῶν
544 4056 678 4100 auctores:
697 4050 883 4115 Aeschylidem
904 4050 1007 4117 [Athen.
1027 4053 1104 4118 XIV,
1125 4050 1221 4118 cuod,
1234 4049 1292 4100 Ar·

150 4141 298 4192 drotionem
318 4139 382 4207 [sire
401 4141 551 4208 Philippum
571 4144 626 4193 sire
644 4144 840 4208 Hegemonem:
858 4143 954 4195 Athen.
968 4145 1019 4208 III,
1034 4145 1100 4198 75d.
1121 4143 1200 4211 8201,
1217 4139 1291 4215 Ani·
