2618 4614
652 234 696 299 40

266 434 285 517 ἠ
310 438 458 524 cohow).
833 437 976 501 Lacerta.

266 538 538 624 hdoactudo‘rtpg.
700 564 746 605 ov.
832 539 950 605 Stellio.

267 640 463 720 ὃποντικὸς.
698 648 744 708 oo.
830 643 931 708 Sorex
941 643 977 727 ²).

268 744 439 832 ὃμύρμηξ.
684 769 748 823 κος.
831 746 987 810 Formica.

266 847 467 934 ὃσκόρπιος.
699 873 746 914 oo.
832 848 993 934 Scorpius.

183 951 300 1017 Videre
322 959 370 1016 est
391 950 615 1037 glossariorum
637 960 780 1017 auctores
801 952 951 1016 historiae
972 950 1133 1016 animaliur

99 1063 149 1120 tos
176 1077 241 1120 non
266 1054 378 1119 fuisse:
404 1055 626 1120 adnexuerunt
651 1055 807 1142 capitibus
829 1054 952 1119 traditis
974 1053 1121 1118 animalia

99 1166 183 1240 nota,
205 1180 287 1243 quae
300 1178 364 1222 non
378 1156 556 1224 debuerunt
569 1160 750 1245 praeterire,
774 1159 897 1222 etiamsi
912 1160 945 1221 in
960 1158 1066 1244 capita
1079 1155 1131 1220 illa

100 1260 300 1347 quadrarent.

182 1364 251 1427 Iam
266 1361 339 1428 licet
352 1369 525 1426 retrorsum
539 1370 661 1428 vertere
680 1362 797 1428 oculos.
836 1363 940 1428 Velim
956 1365 1096 1450 capitum
1113 1364 1133 1426 ir

99 1465 170 1529 NI
198 1466 376 1551 praefixum
404 1486 528 1529 mecum
558 1464 737 1550 perlustres.
791 1467 871 1531 Dixi
902 1468 1007 1552 capita
1035 1468 1106 1552 περὶ
1131 1492 1133 1503 ¹

99 1573 142 1655 τῷ
166 1565 227 1655 ᾄδῃ
254 1577 285 1632 et
312 1569 384 1656 περὶ
404 1570 585 1652 θεοσεβείας
613 1568 674 1631 nisi
701 1569 788 1654 apud
808 1570 945 1633 Beatum
970 1568 1133 1634 Rhenanur

100 1670 250 1753 inveniri3
292 1678 388 1757 caput
423 1678 530 1735 autem
564 1671 636 1758 περὶ
668 1674 787 1735 θυσιῶν
820 1672 850 1734 N
877 1672 893 1735 I
930 1679 962 1736 et
989 1672 1022 1735 H
1055 1671 1133 1736 vide:

99 1773 185 1838 Mon.
222 1794 388 1838 commune
422 1795 501 1838 esse.
551 1773 612 1837 His
644 1772 727 1838 adde
756 1782 852 1860 caput
880 1776 952 1859 περὶ
978 1778 1133 1859 θεωριῶν,

99 1883 205 1941 exstat
226 1876 259 1937 in
280 1874 380 1940 Mont.
399 1875 489 1941 Leid.
512 1875 632 1963 Steph,
656 1876 766 1940 deesse
787 1877 865 1940 inN
887 1885 919 1942 et
932 1877 1033 1960 Mon.;
1056 1876 1112 1941 sed

100 1978 249 2044 derebus
264 1978 324 2042 hoc
338 1978 442 2064 capite
457 1986 562 2043 actum
577 1978 733 2062 videmus,
748 2002 802 2044 eas
817 1979 915 2044 multo
930 1979 1059 2044 uberius
1071 1980 1133 2043 invr

98 2089 249 2147 tractatas
270 2082 304 2145 in
323 2079 354 2144 N
372 2088 404 2145 et
422 2080 520 2163 Mon,
543 2082 597 2169 qui
618 2105 677 2168 pro
699 2104 762 2146 uno
785 2091 934 2169 quattuor
956 2082 1062 2166 capita
1082 2105 1133 2166 pra

99 2183 161 2249 ὅσα
193 2182 397 2272 dedecima,
431 2186 568 2270 σταδίῳ,
599 2183 818 2275 ἀμφιθεάτρῳ,
846 2187 1054 2274 ἱπποδρομίῳ.
1104 2185 1132 2246 Ε

97 2286 378 2352 animadvertimus
413 2286 590 2351 ubertatem
620 2289 655 2352 in
689 2290 787 2374 signis
822 2287 1009 2353 caelestibus
1047 2311 1133 2352 enarr

98 2412 180 2477 quae
194 2411 257 2454 uno
273 2390 377 2475 capite
393 2387 514 2475 steph„
538 2389 662 2454 duobus
677 2390 777 2472 Leid,
799 2391 901 2455 tribus
916 2398 1021 2456 cetera
1034 2389 1133 2455 absoh

98 2494 143 2558 eis
172 2500 322 2581 quattuor
345 2489 490 2556 tribuunt
516 2491 547 2555 N
569 2492 586 2556 I
612 2502 644 2558 et
671 2493 714 2559 II.
764 2493 829 2559 Sed
855 2494 983 2558 maioris
1012 2515 1133 2558 momen

10 2610 12 2614 ’
98 2594 184 2682 quod
205 2598 285 2659 miro
306 2594 400 2681 plane
421 2594 543 2660 ambitu
563 2597 723 2674 mensium
739 2597 903 2681 nomina³)
926 2605 1056 2683 recepta
1076 2619 1133 2660 sun

98 2698 182 2763 enim
216 2699 293 2763 satis
321 2696 433 2763 habuit
462 2696 657 2764 Graecorum
689 2707 721 2764 et
748 2699 964 2764 Romanorum
997 2699 1133 2764 mensibt

99 2800 264 2886 designare
292 2798 445 2885 capitula,
479 2801 536 2866 sed
564 2800 687 2867 addidit
715 2801 974 2883 Atheniensium,
1004 2802 1133 2888 Aegypt

97 2900 317 2968 Hebraeorum
325 2904 362 2989 ⁴),
385 2903 502 2989 quain
522 2927 557 2968 re
580 2903 646 2970 sola
659 2904 745 2968 Mon.
767 2912 910 2969 nostrum
930 2927 1032 2990 paene
1047 2905 1133 2991 aeqm'

98 3003 194 3070 habet
220 3005 305 3070 enim
335 3006 400 3068 suis
429 3006 587 3091 capitibus
613 3015 764 3072 tractatos
788 3005 982 3072 Graecorum
1005 3006 1133 3072 Atheni<

98 3105 360 3171 Antiochensium
381 3130 516 3193 menses,
538 3112 594 3196 qui
612 3110 746 3176 fortasse
767 3111 800 3173 in
819 3110 849 3173 N
870 3109 904 3174 H
924 3132 1051 3197 quoque
1077 3111 1133 3196 aliq

99 3211 298 3275 exstiterunt.

182 3312 351 3378 Praeterea
378 3321 448 3377 octo
479 3315 620 3399 capitum
652 3314 756 3378 adhuc
783 3314 876 3402 plane
909 3315 1123 3380 inauditorum

101 3415 284 3501 suppeditat
310 3415 419 3481 titulos
447 3416 478 3480 N
504 3417 536 3481 I:
563 3415 656 3486 XXI.
687 3420 759 3504 περὶ
783 3424 845 3483 τῶν
872 3418 1006 3504 ἡμερῶν.
1040 3417 1133 3481 ΧΧΠ

12 3535 15 3540 ·
100 3523 162 3584 τῶν
177 3520 343 3595 στοιχείων.
379 3519 504 3584 XXIV.
527 3522 598 3607 περὶ
611 3524 792 3589 detonsos.
828 3521 935 3585 XXV.
959 3524 1031 3608 περὶ
1045 3525 1133 3602 adop

100 3620 232 3688 ὑδάτων.
265 3620 405 3687 XXVII.
428 3624 500 3710 περὶ
518 3626 580 3687 τῶν
601 3622 725 3705 ἡλικιῶν
747 3625 791 3714 [in
810 3623 889 3687 NH
908 3631 940 3688 et
959 3624 1059 3689 Mont.
1080 3631 1133 3688 aut

177 3789 206 3854 1)
225 3793 281 3843 Nos
300 3785 388 3862 σαύρα
407 3799 434 3844 et
454 3789 510 3862 μῦς.

174 3882 204 3949 2)
224 3883 283 3950 Oyr.
313 3878 363 3952 μὺς
387 3877 548 3956 ἀρουραῖος,
578 3886 668 3938 Sorex.
714 3887 829 3939 Phflox.:
860 3887 956 3951 Sorex,
984 3883 1044 3948 Μῦς
1068 3899 1133 3938 uovu

102 3969 256 4045 ἀρουραῖος.

175 4064 205 4132 3)
224 4067 258 4118 cf.
278 4067 308 4118 C.
327 4068 371 4119 Fr.
390 4069 535 4134 Hermann,
554 4071 619 4121 iiber
637 4071 734 4137 griech.
753 4071 966 4136 Monatskunde,
987 4086 1082 4123 comm.
1102 4087 1133 4123 so

103 4157 181 4223 1844,
201 4174 227 4224 p.
247 4158 281 4207 48
303 4156 338 4224 [8]
352 4176 400 4226 sq„
420 4161 480 4211 adn.
500 4160 525 4211 6.
545 4178 571 4226 p.
592 4162 644 4211 123
665 4161 717 4228 [83]
731 4179 787 4229 sqq.

175 4250 205 4317 4)
224 4250 257 4302 cf.
278 4267 357 4317 supra
375 4267 402 4316 p.
423 4249 466 4302 19.
485 4251 641 4307 XVI—XX.
