2618 4614
98 4286 112 4327 h

701 203 740 268 78

228 405 362 470 Librum
383 405 434 471 vel
460 407 568 493 potius
593 406 691 472 libros
719 409 790 493 περὶ
812 410 949 491 βοτανῶν
976 407 1057 472 κατὰ
1082 417 1258 487 στοιχεῖον-

144 509 231 596 qnod
252 509 385 574 fortasse
403 508 634 574 restituendum
649 531 719 574 esse
740 508 826 595 apud
843 508 975 575 Suidam
996 519 1071 576 ante
1085 510 1186 576 verba
1206 533 1258 578 ao

145 635 243 699 supra
263 611 466 677 adnotavi-
484 613 525 677 ab
548 634 644 699 opere
667 614 738 696 περὶ
758 617 902 693 γλωσσῶν
923 612 1034 699 procul
1056 635 1130 679 cum
1151 615 1258 681 malimr

144 716 270 800 habere,
292 717 338 779 ita
352 714 464 780 saltem
487 724 521 779 ut
534 714 608 780 inde
631 715 670 780 de
691 715 784 780 huius
799 715 901 782 forma
923 715 1167 805 glossarumque
1188 718 1258 783 ordii

145 820 358 884 conieotmam
372 818 475 883 facere
497 818 644 903 nolimus,
666 818 751 883 unde
765 819 894 884 tandem
908 819 1104 905 Pamphileis
1127 819 1187 885 illis
1202 843 1258 885 non

146 924 235 1008 ginta
265 922 404 1008 quinque
435 920 525 986 libris
560 921 617 985 lux
649 921 838 1008 effulgebit?
868 962 905 970 —
936 921 1117 1008 Sospitator
1149 925 1214 988 eius
1242 947 1258 988 v

146 1026 252 1112 potius
275 1026 460 1089 miserarum
483 1046 542 1109 pro
565 1033 631 1089 toto
646 1023 831 1090 laciniarum
853 1025 975 1090 exstitit
996 1025 1189 1106 Athenaeus,
1211 1049 1258 1112 qur

146 1152 304 1195 summum
327 1128 394 1191 eius
410 1126 546 1192 dixerim
568 1127 608 1192 de
628 1128 739 1193 htteris
756 1128 887 1194 Graecis
907 1131 1066 1195 meritum.
1110 1128 1203 1209 Quod
1223 1122 1258 1191 in<

146 1255 166 1296 a
187 1231 312 1296 Rankio
333 1229 441 1294 multis
462 1229 529 1295 erat
550 1254 747 1317 persuasum,
770 1233 948 1319 suspicatus
971 1241 1041 1296 erat
1054 1228 1252 1296 Valckenaer

145 1333 369 1400 fervidioribus
398 1356 493 1419 quam
521 1355 602 1420 opus
632 1344 699 1400 erat
724 1335 831 1400 verbis
851 1335 896 1399 M.
921 1333 1067 1400 Schmidt
1095 1334 1254 1399 contendit

145 1438 295 1503 refutavit
317 1436 421 1501 adhuc
441 1458 544 1519 nemo,
568 1436 601 1501 id
619 1436 705 1503 haud
726 1439 841 1521 nescio,
865 1445 1062 1524 quantopere
1083 1436 1189 1501 adhuc
1209 1459 1258 1521 eg<

148 1563 213 1605 non
240 1539 341 1604 solum
369 1540 403 1602 in
429 1537 561 1624 singulis
590 1538 788 1626 diligentiore
810 1541 957 1606 examine
978 1538 1036 1604 sed
1063 1539 1161 1603 etiam
1181 1539 1215 1602 in
1234 1561 1258 1600 u·

149 1665 277 1707 versum
298 1643 419 1707 ratione
441 1651 536 1706 certa.

586 1987 762 2088 Caput
798 1989 873 2066 IV.
949 2007 954 2018 '

247 2155 307 2222 De
332 2153 562 2234 Pamphilei
588 2154 724 2236 operis
749 2154 895 2223 ordine
921 2169 973 2221 ex
998 2151 1215 2221 Athenaeo

582 2292 873 2373 cognoscendo.

234 2439 303 2504 Iam
325 2461 377 2503 me
399 2459 436 2502 eo
459 2435 596 2501 delatum
620 2436 732 2520 s'entio,
761 2439 818 2504 ubi
846 2438 943 2502 totius
966 2436 1194 2523 disputationis
1218 2460 1258 2522 qu

152 2544 246 2608 cardo
268 2541 418 2606 vertitur:
440 2540 627 2627 Pamphilus
643 2565 685 2606 ex
699 2540 864 2607 Athenaeo
886 2548 935 2606 est
948 2540 1181 2623 restituendum
1202 2539 1258 2604 vid

72 2685 74 2688 >
153 2646 239 2729 dum,
269 2668 351 2733 quae
375 2643 744 2729 „deipnosophistarum“
771 2652 878 2730 partes
901 2667 942 2709 ex
964 2665 1001 2708 eo
1024 2643 1087 2706 sint
1108 2641 1258 2728 desumpt

153 2772 217 2837 qua
247 2749 369 2813 ratione
403 2745 490 2832 apud
521 2747 626 2833 ipsum
662 2747 780 2811 fuerint
815 2745 994 2827 ordinatae,
1032 2767 1096 2831 quo
1132 2755 1229 2831 pacto

151 2851 335 2917 Athenaeus
364 2851 405 2912 sit
431 2872 517 2914 usus.
563 2850 667 2930 Quam
695 2849 913 2934 quaestionem
939 2872 959 2914 a
987 2871 1038 2912 me
1059 2847 1120 2912 hoc
1141 2847 1212 2912 loco
1235 2870 1257 2910 n

153 2954 230 3019 dum
244 2953 285 3019 ad
299 2954 396 3018 finem
411 2951 543 3040 perduci
557 2974 662 3038 posse,
685 2961 721 3015 ut
734 2974 798 3016 non
813 2950 916 3017 solum
928 2952 1108 3036 fragmenta
1121 2949 1258 3036 Pamphi

153 3058 260 3122 omnia
280 3080 322 3121 ex
337 3056 500 3121 Athenaeo
521 3064 732 3139 secernantur,
756 3054 812 3119 sed
833 3056 928 3120 etiam
951 3054 991 3119 ab
1006 3053 1167 3117 Athenaei
1189 3051 1258 3116 add

46 3177 49 3187 ·
152 3161 266 3224 mentis
289 3160 360 3245 ipsa
380 3157 570 3243 liberentur,
600 3159 661 3223 hoc
687 3180 745 3245 pro
774 3160 820 3221 rei
850 3165 882 3222 et
911 3157 1034 3222 ambitu
1061 3163 1094 3220 et
1121 3155 1258 3219 difficult

153 3272 188 3327 ut
209 3264 345 3327 tironem
367 3284 418 3326 me
439 3262 540 3347 pudet
561 3263 665 3325 minus
683 3284 779 3348 quam
794 3260 879 3325 dolet
894 3259 1045 3325 confiteri.
1089 3258 1216 3322 Tamen
1238 3279 1258 3321 o*

154 3389 227 3453 spes
250 3367 291 3430 sit
311 3388 363 3430 me
377 3364 528 3429 nonnulla
542 3366 576 3429 in
590 3364 754 3429 Athenaeo
770 3361 991 3450 perlustrando
1006 3369 1091 3426 recte
1109 3360 1258 3426 observa

153 3470 186 3532 in
206 3470 389 3534 universum
410 3468 559 3534 indicabo
580 3470 735 3532 rationem
751 3476 783 3531 et
796 3468 891 3549 viam,
914 3463 1030 3550 quibus
1049 3463 1132 3528 hanc
1151 3487 1258 3550 quaes

154 3672 331 3737 tinopolitana
355 3672 487 3736 descripta
512 3670 636 3735 Lugduni
666 3667 736 3718 1585
764 3669 833 3718 inter
859 3667 940 3718 libros
964 3665 1103 3715 Michaelis
1127 3664 1258 3716 Cantacur

155 3757 329 3833 ἰατροσόφιον
342 3756 474 3832 Ἀνδρέου
495 3759 656 3831 conponat
682 3760 742 3830 περὶ
763 3751 830 3827 ὅλης
855 3756 971 3830 ἰατρικῆς
994 3757 1091 3808 referre
1118 3774 1151 3808 ex
1171 3759 1258 3809 Lamb

154 3857 172 3909 l.
183 3857 201 3907 l.
216 3873 242 3921 p.
254 3856 305 3904 451
321 3857 396 3906 novi:
409 3857 497 3920 ipsum
509 3855 619 3906 Verderi
631 3855 725 3904 librum
737 3852 801 3904 bibl.
811 3853 960 3902 Bonnensis
974 3850 1038 3900 mihi
1051 3866 1106 3900 non
1119 3851 1258 3916 suppedito

231 3951 257 4011 1)
278 3949 387 3998 Excurs.
408 3949 441 3998 ad
461 3948 594 3998 Theocriti
612 3947 742 3996 Adoniaz.
763 3945 826 3994 293,

230 4041 257 4106 2)
277 4042 384 4103 Quaest.
404 4039 520 4105 Hesych.
540 4040 605 4088 LX:
634 4055 684 4104 „ne
709 4037 822 4087 hisceret
847 4034 951 4101 quidem
978 4036 1071 4100 opinor
1089 4035 1248 4085 Athenaeus

52 4180 56 4189 ,
156 4138 227 4184 totns
247 4150 263 4183 a
281 4132 419 4198 Pamphilo
438 4130 563 4198 pendet“.
