2618 4614
658 193 800 295 A

153 402 205 465 καὶ
233 405 295 464 τῶν
316 404 457 464 παλαιῶν
488 398 550 478 μέν,
571 405 577 481 Ι
596 397 637 475 οἷς
668 400 798 485 εἴρηται,
831 400 884 463 καὶ
913 402 976 463 τῶν
1004 396 1160 485 νεωτέρων
1183 397 1214 462 δέ
1233 397 1273 463 οίι

153 502 241 584 ὀλίγα
264 503 352 586 μέχρι
374 504 427 566 καί
447 507 509 566 τών
531 503 602 588 περὶ
617 501 780 588 Πάμφιλόν
801 526 834 567 τε
849 500 1091 589 καίἈρχιγένην
1106 552 1112 566 .
1127 502 1179 564 καί
1191 499 1272 583 μένδίγ
1305 560 1307 569 .

153 609 206 670 καί
228 605 351 692 Ῥούφῳ
380 610 423 690 τῷ
447 603 586 691 Ἐφεσίῳ
617 655 749 669 .....
774 604 927 691 Ἀνδρέου
957 604 992 669 δὲ
1020 605 1074 669 καί
1099 607 1161 668 τῶν
1185 602 1273 684 δμοίως

153 708 311 788 ἀλαζόνων
338 706 537 795 ἀφίστασθαι
564 705 632 796 χρὴ,
661 709 714 772 καί
735 707 813 773 πολὺ
841 712 959 788 μᾶλλον
988 707 1033 772 έτι
1053 707 1211 792 Παμφίλου
1233 712 1273 771 τοί

154 815 224 894 μηδ’
254 809 332 899 ὄναρ
356 810 531 899 ἑωρακότος
553 811 630 876 τοτὲ
651 809 709 887 τάς
735 811 877 895 βοτάνας,
907 797 949 876 ὧν
969 809 1027 886 τάς
1048 810 1136 887 ἰδέας
1157 810 1274 897 ἐπιχειρεῖ

151 915 279 1002 γράφειν
294 967 300 980 .
317 915 347 979 οί
368 912 426 999 γάρ
448 918 589 979 τοιοῦτον
603 918 664 978 τῶν
680 910 867 1001 ἀνθρώπων,
890 912 996 1000 ὥσπερ
1012 902 1069 980 οάν
1083 916 1137 979 καί
1151 911 1168 977 ὁ
1182 916 1274 999 Ταραν

152 1017 456 1103 τῖνοςἫροκλείδης
478 1018 597 1095 εἴκαζεν
619 1014 747 1094 αύτούς,
770 1015 955 1097 ὁμοιότατοι
976 1025 1047 1092 τοῖς
1068 1015 1192 1104 κήρυξίν
1209 1017 1273 1098 εἰσιν,

153 1120 225 1185 ὅσοι
246 1120 285 1184 τά
300 1126 357 1200 τῆς
379 1120 465 1193 ἰδέας
479 1122 676 1208 γνωρίσματα
691 1117 894 1205 κηρύττουσιν
909 1119 1167 1208 ἀποδεδρακότος
1183 1116 1274 1204 ἀνδρα-

153 1223 262 1302 πόδου,
293 1221 384 1287 αύτοί
411 1223 615 1303 μηδεπώποτε
641 1222 833 1303 θεασάμενοι
855 1275 862 1290 .
885 1222 1078 1309 λαμβάνουσι
1103 1223 1157 1304 μέν
1179 1219 1273 1309 γάρτό

150 1328 349 1411 γνωρίσματα
372 1325 459 1413 παρά
474 1331 536 1390 τῶν
551 1324 688 1407 εἰδότων,
712 1326 833 1408 λέγουσι
855 1326 891 1392 δέ
913 1325 954 1401 ώς
970 1324 1095 1413 ἐπῳδὴν
1110 1323 1195 1400 αύτά,
1208 1320 1273 1412 (ἀβ)

152 1430 230 1511 μηδὲ
257 1432 284 1494 εἰ
311 1426 476 1514 παρεστώς
505 1426 523 1493 δ
552 1428 779 1516 κηρυττόμενος
805 1429 891 1513 τύχη,
927 1432 1096 1510 διαγνῶναι
1129 1429 1273 1511 δυνάμεως

152 1531 209 1615 έγά
238 1533 292 1614 μέν
318 1531 377 1617 γάρ
408 1532 587 1618 ἐμεμφόμην
613 1539 682 1608 τοῖς
710 1531 847 1619 πρώτοις
873 1532 1018 1621 γράψασι
1045 1532 1104 1607 τάς
1132 1533 1211 1606 ἰδέας
1231 1536 1274 1596 τόν

153 1640 308 1721 βοτανῶν,
339 1628 465 1715 ἀμεινον
489 1633 657 1714 ἡγούμενος
688 1632 845 1715 αύτόπτην
872 1636 1017 1717 γενέσθαι
1042 1635 1113 1723 παρ’
1147 1633 1273 1721 αάτῷιβ
1308 1677 1309 1721 ι

153 1740 353 1826 διδάίοκοιτι
366 1736 422 1804 τόν
438 1738 636 1818 μανθάνοντα
652 1735 756 1817 καὶμὴ
772 1746 841 1814 τοῖς
856 1737 890 1803 έκ
903 1743 959 1803 τού
976 1740 1093 1832 βιβλίου
1105 1736 1274 1823 κυβερνάτας
1308 1728 1309 1769 ³

153 1842 351 1924 ὁμοιωθῆναι
374 1890 506 1905 .....
530 1841 558 1904 εἰ
580 1839 614 1904 δέ
637 1837 702 1928 ἀρα
723 1843 777 1905 καί
791 1841 896 1906 δέοιτο
916 1844 972 1906 τοῖν
987 1843 1117 1926 βιβλίου,
1137 1840 1182 1918 ’τίς
1200 1838 1273 1913 ούτυς

152 1943 273 2027 ἀθλιος,
297 1944 338 2019 ὡς
354 1941 557 2029 ταρτλβώνὶ)
579 1943 619 2007 τά
641 1945 865 2030 Διοσκουρίδου
880 1946 933 2008 καὶ
947 1946 1059 2032 Νίγρου
1081 1943 1273 2029 καίἯρανλά

153 2052 210 2114 δου
233 2052 286 2113 καὶΙ
301 2047 446 2136 Κρατεύα
468 2049 521 2111 καί
543 2043 645 2111 ἀλλων
666 2048 783 2135 μυρίων
805 2049 836 2112 έν
856 2054 894 2130 τι]
917 2049 1006 2132 τέχνη
1021 2048 1274 2138 καταγηρασάντων

152 2154 252 2237 βιβλία
278 2155 529 2238 γραμματικούθ)
551 2150 724 2237 γράφοντος
747 2149 870 2237 ἐπῳδάς
891 2154 945 2217 καί
967 2151 1217 2240 μεταμορφώσεις
1237 2150 1273 2215 καί

152 2258 288 2318 δεκανῶν
320 2256 373 2317 καί
409 2251 565 2333 δαιμόνων
597 2253 685 2342 ἱεράς
721 2254 854 2339 βοτάνας
888 2254 1044 2333 ἀνάσχοιτ’
1073 2253 1127 2335 άν;
1159 2253 1206 2322 ὅτι
1231 2252 1272 2337 γάρ

150 2357 256 2439 γόητες
286 2355 451 2444 ἀνθρωττοι
473 2353 651 2437 ἐκπλήττειν
672 2357 729 2422 τόν
750 2356 847 2423 πολύν
869 2355 961 2436 όχλον
988 2361 1077 2446 ἔργον
1103 2357 1273 2438 πεποιημένοι

151 2460 191 2525 τά
213 2465 345 2525 τοιαῦτα
367 2460 538 2525 συνέθεσαν
553 2459 587 2538 έξ
603 2460 706 2524 αὐτῶν
727 2462 825 2526 ένεστί
840 2479 891 2526 σοι
904 2467 1016 2543 γνῶναι
1030 2467 1087 2527 τού
1097 2467 1124 2545 ⁴)
1139 2462 1271 2548 Παμφίλου

49 2645 51 2648 ⁴
152 2567 282 2649 βιβλίων,
316 2560 352 2637 ὃς
384 2568 507 2648 πρῶτον
537 2563 591 2643 μὲν
619 2564 650 2628 έν
676 2571 748 2637 ταῖς
777 2563 923 2644 βοτάναις
952 2565 1089 2652 ἔγραψεν
1120 2563 1271 2650 ἀβρύιυνυν,

152 2666 271 2732 άτασιν
298 2665 374 2747 ἡμῖν
397 2665 548 2751 γνώριμον
567 2664 785 2749 τυγχάνουσαν,
806 2668 867 2732 εἷθ’
890 2669 960 2749 έξῆς
983 2666 1086 2749 ἀγνον,
1113 2669 1218 2743 ἱκανῶς
1235 2664 1272 2728 καί

151 2776 246 2835 τοῦτο
268 2767 420 2858 γνώριμον
441 2769 572 2851 θάμνον,
600 2763 653 2834 εἶτ’
676 2765 830 2856 ἀγρωστιν
852 2769 926 2836 οάδέ
952 2779 1021 2847 τοῖς
1041 2771 1180 2846 ἰδιώταις
1202 2763 1272 2850 ἀγιω

153 2891 226 2938 στου
248 2872 337 2954 πόαν,
367 2865 423 2936 εἶτ’
446 2869 599 2952 ἀγχοοσαν
626 2869 664 2953 ἣν
686 2871 760 2938 οάδὲ
782 2871 878 2953 αὐτὴν
899 2871 1006 2955 ἀγνοεῖ
1026 2895 1084 2950 τις,
1114 2871 1213 2962 ὥσπερ
1232 2858 1272 2935 ἀν

153 2973 226 3040 οὐδὲ
252 2974 289 3040 τό
313 2974 462 3039 ἀδίαντον
485 2975 596 3060 ἐφεξῆς
619 2975 697 3058 αὐτῇ
724 2976 938 3064 γεγραμμένον.
957 2982 962 3055 Ι
982 2976 1013 3042 έν
1035 2976 1090 3057 μέν
1112 2975 1150 3058 δὴ
1176 2974 1271 3048 τούτοις

153 3077 244 3144 οὐδέν
271 3065 314 3143 ὧν
342 3081 431 3158 ἴομεν
461 3078 680 3166 περιττότερον
707 3079 849 3167 γράφει·
873 3077 949 3159 μετά
980 3080 1015 3144 δὲ
1041 3084 1142 3145 ταῦτα
1170 3076 1270 3164 βοτάνης

153 3182 302 3262 μέμνηται
324 3179 522 3261 καλουμένης,
552 3179 594 3256 ὡς
621 3180 715 3257 αύτός
737 3199 839 3268 φησιν,
867 3181 973 3266 ἀετοῦ,
998 3185 1072 3269 περὶ
1098 3170 1135 3265 ἧς
1155 3181 1270 3263 ἀμολοβῖ
1308 3214 1309 3217 “

152 3286 268 3365 μηδένα
289 3289 351 3348 τῶν
368 3282 523 3363 Ἑλλήνιον
545 3285 698 3372 εἰρηκέναι
714 3286 818 3368 μηδὲν,
843 3284 906 3349 ἀλλ’
929 3287 961 3352 έν
975 3309 1034 3351 τινι
1049 3292 1112 3351 τῶν
1126 3287 1168 3361 εἰς
1177 3283 1269 3369 Ἑρμῆν

151 3385 208 3450 τόν
222 3386 385 3466 Αἰγύπτιον
407 3384 647 3473 ἀναφερομένων
669 3392 790 3471 βιβλίων
812 3387 1029 3477 ἐγγεγράφθαι,
1051 3389 1215 3475 περιέχοντι
1228 3380 1267 3457 τίς

153 3486 196 3566 λς’
220 3493 282 3553 τῶν
305 3487 495 3576 ώροσκόιτων
523 3489 611 3575 ἱεράς
639 3491 781 3575 βοτάνας,
803 3495 839 3556 αἲ
860 3489 991 3571 εύδηλον
1013 3491 1063 3557 ὅτι
1085 3496 1183 3557 πᾶσαν
1199 3480 1265 3574 λέρίς

228 3644 252 3710 1)
274 3635 291 3695 ά
311 3662 342 3695 ex
363 3637 430 3694 αύτά
448 3645 543 3694 inscite
562 3647 703 3710 repetitum
721 3646 816 3699 delevi.

226 3735 254 3801 2)
273 3732 417 3806 παρελθεῖν
436 3736 512 3786 codd.

226 3826 255 3891 3)
277 3828 354 3878 codd.
373 3821 545 3898 γραμματικά.
572 3822 607 3890 ὡς
628 3829 684 3895 [pro
705 3821 781 3896 ὥστε]
801 3824 934 3898 ἀνάσχοιτ’
955 3821 1000 3881 άνι
1026 3832 1119 3884 similis
1138 3822 1259 3882 αοαιαυυέν

151 3918 273 3983 Xenoph.
294 3921 396 3970 conviv.
416 3921 461 3984 IV,
476 3921 527 3969 39:
547 3919 631 3971 ταῦτα
650 3912 734 3984 οὕτως
753 3915 821 3990 ἡδέα
841 3938 885 3990 μοι
905 3920 979 3974 δοκεῖ
997 3914 1074 3994 εἶναι,
1093 3918 1127 3987 ὦς
1140 3910 1259 3993 paim&

151 4002 269 4079 ἥδεσθαι
289 4050 431 4063 ......
452 4005 500 4063 ούκ
520 4002 552 4061 ἀν
571 4006 704 4083 εὐξαίμην,
723 3997 801 4084 ἦττον
820 4011 859 4066 δέ.

226 4101 254 4168 4)
274 4103 384 4155 Videtur
402 4102 453 4155 τῶν
472 4105 664 4168 corrigendum.
