2618 4614
526 218 675 318 *sr-

71 425 255 505 netarumque
284 420 498 487 auctoritates.
553 422 618 488 Sed
639 421 823 487 Athenaeus
845 417 891 484 nil
911 419 973 483 nisi
995 419 1176 502 grammati-

71 544 106 586 m
130 529 159 586 et
178 521 364 586 historicum
394 524 477 609 agit,
507 524 594 612 quod
619 547 683 590 non
708 533 774 589 tam
805 521 1174 610 „deipnosophistarum“

71 634 143 691 stura
157 625 243 688 nisus
259 617 426 710 contendo,
450 627 505 692 sed
526 628 656 693 memini
678 650 750 691 eum
772 625 901 711 gloriari
922 648 956 691 se
978 625 1175 710 octingentas

71 727 152 795 cedias
177 728 360 795 comoediae
381 729 504 796 fabulas
526 729 699 817 perlegisse
720 738 752 795 et
774 730 971 814 excerpsisse
981 728 1017 815 ¹),
1046 728 1177 792 memini

71 854 112 899 um
130 830 264 896 confiteri
286 853 320 895 se
342 835 413 921 περὶ
427 839 489 898 τῶν
504 833 535 899 ἓν
550 836 646 922 Συρίᾳ
668 832 949 917 eratanostrae)
972 838 1004 895 et
1024 833 1096 919 περὶ
1116 836 1178 895 τῶν

71 937 113 1022 ιορ’
127 933 282 1020 Ἀρχίππῳ
297 939 476 1023 θρᾳτνῶνδ)
497 935 594 1001 libros
610 934 799 1020 condidisse,
821 934 905 999 unde
921 935 975 1020 qui
991 933 1178 998 collecturus

71 1035 297 1105 atAthenaeum
323 1037 508 1103 animalium
533 1047 666 1103 naturae
695 1039 855 1102 curiosum
876 1037 983 1120 fuisse,
1011 1046 1104 1102 antea
1127 1035 1178 1101 de-

71 1138 127 1207 tebit
137 1139 243 1205 docere
257 1140 458 1205 Dorotheum
472 1141 689 1207 Ascalonitam
705 1140 745 1205 ob
761 1140 877 1205 librum
893 1139 1179 1228 περὶἈντιράνονς

71 1245 100 1311 ul
118 1244 181 1328 scol
209 1248 264 1324 τῆς
294 1245 383 1333 παρὰ
412 1253 481 1322 τοῖς
508 1246 670 1333 νεωτέροις
696 1252 843 1324 κωμικοῖς
873 1244 1042 1329 pausiam)
1068 1264 1179 1307 cocum

71 1345 362 1432 relHephaestionem
386 1347 427 1413 ob
440 1347 557 1412 librum
579 1350 651 1436 περὶ
670 1353 725 1412 τοῦ
743 1349 818 1432 παρ’
835 1345 1038 1431 Ἀνακρέοντι
1060 1349 1180 1428 λυγίνου

71 1449 218 1536 aspirem)
247 1450 406 1515 medicum
428 1451 479 1516 vel
501 1450 635 1516 Calliam
657 1450 884 1536 Mytilenaeum
908 1449 949 1514 ob
971 1447 1087 1514 librum
1110 1451 1181 1537 περὶ

116 1651 137 1714 1)
153 1651 184 1702 cf.
204 1651 277 1716 VIII,
298 1651 350 1701 336
365 1653 390 1704 d.
428 1655 594 1720 Quamquam
613 1654 699 1703 minus
719 1652 752 1702 ad
771 1668 835 1715 rem,
854 1655 944 1701 tamen
965 1650 1052 1700 dicam
1071 1640 1091 1699 oi
1110 1649 1180 1700 litte·

71 1757 102 1793 un
116 1740 164 1808 [pro
181 1759 291 1797 numero
311 1743 374 1811 800]
392 1746 556 1813 frequentem
575 1746 658 1795 videri
678 1745 712 1795 ad
731 1759 856 1809 magnum
876 1744 1025 1793 summatim
1044 1758 1180 1792 numerum

71 1835 238 1899 exprimendum.
276 1838 337 1888 Non
355 1854 445 1903 urgeo,
473 1840 543 1905 quod
562 1837 738 1889 Callimachus
758 1836 830 1902 apud
850 1835 958 1886 Suidam
980 1850 1078 1900 ,supra
1096 1835 1180 1885 octin-

71 1925 233 1991 prtoslibros“
255 1930 435 1994 composuisse
451 1930 554 1995 dicitur,
574 1930 740 1982 Aristarchus
752 1921 820 1997 irtio
841 1920 861 1977 oi
883 1923 969 1994 βιβλία
986 1918 1181 1994 ὑπομνημάτων

71 2011 121 2087 νίνον
140 2021 286 2086 scripsisse,
314 2021 407 2072 Ateius
425 2021 579 2088 Philologus
606 2022 690 2073 altera
716 2021 749 2071 ad
774 2020 895 2071 Laelium
914 2020 1041 2068 Hermam
1068 2019 1182 2083 epistula

71 2108 94 2176 [sl.
112 2112 209 2164 Sueten.
233 2128 343 2178 gramm.
372 2110 415 2179 10]
440 2130 469 2164 se
493 2113 573 2180 hylen
599 2130 682 2178 suam,
708 2128 787 2180 quam
812 2113 897 2163 omnis
922 2113 1027 2177 generis
1056 2111 1180 2175 coegerit,

71 2205 198 2270 uergentes
215 2206 244 2256 in
262 2206 345 2257 libros
365 2206 485 2257 divisisse
505 2208 608 2257 scribit:
627 2207 667 2257 his
680 2206 754 2270 loeis,
775 2206 825 2255 nisi
843 2198 911 2275 ὑπὲρ
925 2205 991 2255 illud
1004 2208 1082 2268 esset,
1102 2219 1181 2254 accu-

71 2301 122 2346 atun
134 2313 268 2348 nnmerum
282 2313 340 2349 esse
354 2299 533 2364 crederemus3
553 2300 600 2350 sed
613 2298 769 2349 Aristoteles
789 2298 822 2348 ab
835 2297 987 2348 Alexandro
1007 2296 1061 2346 800
1080 2297 1183 2346 talenta

71 2391 167 2456 cepisse
186 2390 268 2440 fertur
287 2388 323 2452 εἰς
342 2383 388 2458 τὴν
406 2390 534 2461 περὶτῶν
553 2386 626 2461 ζῴων
645 2389 761 2460 ἱστορίαν
780 2388 885 2455 [Athen.
905 2389 953 2453 IX,
967 2388 1020 2438 398
1032 2386 1064 2454 ο],
1084 2390 1181 2454 magis-

71 2496 96 2546 [νο
115 2484 187 2533 etiam
211 2483 240 2532 in
260 2482 396 2533 Athenaeo
423 2480 465 2549 [ds
485 2478 506 2534 ai
525 2484 622 2535 fabuhs
648 2501 715 2535 com.
736 2478 815 2546 msa]
842 2482 957 2545 dubium,
986 2497 1049 2530 num
1072 2496 1181 2531 numero

71 2572 133 2642 li,ut
156 2575 274 2626 assolent
298 2575 442 2642 hucusque,
471 2576 536 2626 fides
555 2577 590 2626 sit
607 2575 738 2628 habenda.
776 2575 953 2625 Nominantur
975 2574 1007 2623 ab
1028 2590 1058 2623 ee
1078 2573 1182 2623 mediae

71 2681 108 2717 an.
123 2666 173 2715 480
196 2666 302 2718 fabulae
326 2684 376 2718 nee
393 2671 514 2720 norimus
533 2674 637 2734 praeter
656 2669 816 2719 comicorum
836 2667 972 2732 catalogos
997 2667 1025 2715 in
1049 2665 1183 2731 lapidibus

71 2759 130 2809 ltticis
147 2764 265 2825 repertos
283 2759 334 2811 huc
353 2761 506 2812 referendos
532 2760 575 2827 [el.
598 2761 628 2812 O.
648 2761 670 2812 I.
691 2761 722 2811 A.
742 2761 770 2811 II
791 2762 816 2827 2,
837 2761 889 2808 977
910 2765 936 2810 et
956 2758 1022 2807 972:
1048 2762 1109 2807 sunt
1127 2757 1182 2806 fere

71 2851 156 2919 sinque]
179 2852 262 2902 ullum
281 2853 350 2903 med.
371 2869 439 2906 com.
457 2859 573 2918 poetam,
598 2870 674 2919 quem
699 2869 754 2904 non
774 2857 969 2904 commemoret.
1018 2850 1071 2901 Sed
1090 2848 1182 2899 inille

71 2956 143 2995 unere
156 2943 208 2992 480
223 2945 369 3010 permultae
388 2950 457 3009 sunt,
478 2962 545 3012 quae
558 2946 640 2996 semel
653 2947 768 2996 citantur
784 2942 834 3011 [ex.
847 2961 885 3009 gr.
900 2961 932 2994 er
945 2943 1064 2994 Alexidis
1078 2958 1182 2992 comoe-

71 3034 155 3086 talto
174 3037 256 3087 semel
275 3038 444 3088 nominantur
457 3039 565 3088 dimidia
583 3036 653 3104 pars]
674 3054 791 3105 quasque
811 3037 955 3103 probabilis
975 3040 1015 3086 est
1031 3037 1183 3086 coniectura

71 3126 142 3179 hunde
164 3128 302 3180 Athenaeo
326 3130 481 3194 innotuisse,
510 3130 583 3180 velut
607 3135 713 3180 constat
738 3130 771 3180 de
793 3129 911 3180 Alexidis
926 3120 1182 3194 Ἀσωῑοὸιδαοκάλῳ

71 3220 92 3271 el.
101 3222 186 3273 Athen.
199 3222 274 3285 VIII,
288 3221 341 3269 336
355 3220 389 3288 e],
421 3221 527 3272 Certum
546 3224 626 3287 igitur
646 3226 693 3287 est,
712 3223 801 3273 fontes
820 3223 843 3272 si
860 3221 1026 3285 respicimus,
1045 3234 1183 3269 numerum

71 3312 114 3364 llnm
134 3316 246 3365 immane
271 3319 396 3380 quantum
421 3315 518 3365 minui:
546 3314 609 3364 fient
626 3314 739 3365 fortasse
760 3314 813 3365 300
833 3314 873 3364 vel
893 3313 1039 3378 pauciores.
1083 3312 1184 3362 Vereor

71 3407 125 3471 ³itur,
149 3424 182 3458 ne
206 3406 322 3472 gloriose
346 3408 486 3458 mentiatur
509 3406 675 3471 Athenaeus,
710 3407 864 3472 praesertim
891 3421 950 3455 eum
976 3419 1124 3470 anonymus
1150 3404 1183 3453 de

71 3499 171 3549 oncedia
182 3499 254 3549 haud
266 3514 331 3550 sano
345 3498 554 3549 contemnendus
567 3506 659 3550 auctor
672 3501 706 3550 sit
720 3496 811 3563 [Mein.
824 3514 851 3562 p.
865 3498 948 3547 XXX.
964 3498 1103 3546 Westerm.
1120 3493 1182 3562 163]

71 3595 131 3642 oetas
153 3592 221 3643 med.
242 3607 309 3642 com.
333 3590 414 3640 fuisse
432 3591 462 3650 νζ
481 3611 517 3633 --
536 3591 570 3640 07
598 3591 678 3658 [apud
697 3591 793 3642 Athen.
812 3590 847 3640 35
867 3588 1057 3656 οοωίηοοίιιν],
1079 3589 1184 3639 fabulas

71 3698 100 3732 ion
114 3685 167 3749 plns
184 3678 232 3752 χιζ’
253 3703 288 3725 =
309 3681 370 3746 617,
391 3698 468 3747 quem
489 3699 537 3748 ego
557 3699 693 3733 numerum
712 3683 787 3733 nefas
807 3683 875 3732 duco
895 3698 927 3731 ex
946 3682 1083 3732 Athenaeo
1105 3682 1184 3731 corri-

71 3789 105 3825 ere
121 3775 194 3842 [quod
214 3775 346 3826 commisit
363 3775 500 3826 Meinehe:
520 3775 580 3825 hist.
601 3791 636 3825 er.
657 3791 723 3824 com.
743 3790 782 3839 gr.
802 3774 869 3822 271:
890 3767 940 3834 ωιζ’
961 3772 1094 3840 poscensl.

115 3867 139 3931 2)
156 3869 187 3932 V,
207 3868 256 3914 211
274 3882 299 3916 a.

115 3961 139 4022 3)
157 3960 216 4019 VII,
237 3959 288 4006 329
304 3974 327 4008 c.

115 4051 140 4113 4)
159 4052 227 4115 XIV,
249 4050 300 4099 662
314 4051 333 4102 f.

114 4139 141 4208 5)
159 4145 214 4210 XV,
234 4144 286 4193 673
301 4144 351 4195 dc.
