2618 4614
585 218 732 318 -λίλλ-

52 417 171 484 subsit
207 419 310 487 liber.
353 421 518 507 Epaeneto
545 420 766 486 Artemidorus
788 419 1041 506 Aristophaneus
1071 441 1148 484 usus
1178 427 1237 505 est,

50 521 289 588 Artemidoro
311 524 512 610 Pamphilus:
534 523 625 589 aliter
645 525 729 589 enim
749 547 814 588 uon
835 545 1005 610 possumus
1026 524 1236 610 interpretari,

48 646 144 711 quae
169 626 307 693 Athen.
330 627 381 691 IX
395 627 455 691 387
472 627 525 691 de
552 626 704 711 legimus:
728 628 961 717 Ἀρτεμίδωρος
991 626 1026 690 δὲ
1054 623 1236 713 δἈριστο-

46 729 206 813 φάνειος
227 731 262 796 ἐν
276 738 348 804 ταῖς
370 728 892 818 ἐπιγραφομέναιςὈψαρτυτικαῖς
907 728 1066 806 Γλώσσαις
1086 730 1139 792 καλ
1153 727 1235 808 Πάμ·

46 837 157 918 φιλας
185 831 209 898 ὃ
232 832 463 921 Ἀλεξανδρεὺς
485 834 516 898 ἐν
544 841 612 907 τοῖς
644 835 716 919 περὶ
738 830 899 914 ὀνομάτων
921 834 974 897 καί
999 836 1144 913 γλωσσῶν
1160 829 1236 896 ’Eu-

47 935 198 1000 αίνετον
217 938 434 1023 παρατίθεται
444 937 469 1023 ¹)
485 935 611 1016 λίνοντα
633 935 664 1000 ἐν
678 935 963 1022 τῷὊψαρτυτικῷ.
999 934 1122 1000 Eodem
1138 934 1234 999 modo

45 1057 105 1101 res
133 1060 177 1103 se
205 1037 311 1104 habet
331 1038 413 1103 XIV
428 1038 704 1126 sord-663d2).
753 1039 859 1103 Possit
880 1039 978 1123 igitur
999 1039 1138 1124 suspicio
1161 1038 1237 1102 oriri

48 1141 180 1205 omnia
197 1139 365 1228 Epaeneti
386 1164 468 1228 quae
489 1141 577 1228 apud
591 1140 791 1206 Athenaeum
806 1150 932 1207 exstant
952 1140 1131 1225 fragmenta
1146 1141 1236 1204 Arte-

48 1242 204 1308 midoro
236 1266 298 1330 per
318 1243 519 1329 Pamphilum
547 1243 671 1328 deberi,
704 1253 735 1309 et
762 1267 803 1308 ne
824 1243 876 1308 hic
897 1243 1025 1329 quidem
1052 1244 1237 1309 subsisteret

50 1344 259 1412 dubitatio:
281 1347 496 1433 quaerendum
518 1356 611 1428 esset,
632 1370 709 1411 num
724 1347 857 1412 fortasse
879 1345 932 1411 alii
947 1369 1074 1432 quoque
1096 1345 1236 1435 ὀψαρτυ-

50 1453 165 1536 τικῶν
183 1457 339 1514 auctores
354 1449 396 1514 ad
410 1450 604 1514 Artemidori
618 1449 797 1535 glossarum
812 1472 927 1536 corpus
943 1459 1049 1514 essent
1036 1449 1235 1514 treferendi.

53 1550 133 1616 Sed
157 1551 257 1616 hanc
280 1554 497 1671 quaestionem
517 1553 611 1616 nimis
633 1550 737 1616 adhuc
765 1554 919 1617 incertam
941 1551 1082 1617 consulto
1104 1553 1235 1617 missam

51 1654 164 1719 facie.
235 1653 321 1720 Satis
353 1657 394 1720 sit
426 1657 558 1720 evicisse
589 1656 734 1742 Epaenet
735 1679 790 1719 um
821 1655 1023 1721 Artemidoro
1057 1678 1126 1720 esse
1158 1657 1235 1720 anti-

53 1759 239 1846 quiorem,
263 1758 318 1842 qui
338 1756 464 1823 videtur
480 1759 580 1845 'primi
602 1781 629 1823 a.
653 1758 689 1823 O.
711 1781 742 1823 n.
765 1759 882 1837 saeculi
902 1760 1040 1823 ineuntis
1062 1765 1117 1823 aut
1137 1758 1236 1822 medii

10 1950 12 1957 Ι
54 1859 336 1947 glossographus
357 1860 501 1948 fuisse³).
544 1860 745 1947 Epaenetum
767 1862 903 1927 eundem
924 1884 1063 1948 agnosco
1085 1862 1118 1925 in
1139 1860 1234 1926 schol.

144 2107 180 2172 1)
201 2108 334 2159 Nimirum
352 2108 490 2160 invenerat
514 2109 586 2173 apud
607 2109 774 2175 Pamphilum
787 2109 952 2160 Athenaeum
971 2103 1166 2180 Ἀρτεμίδωρος

10 2238 12 2243 -
49 2194 240 2253 Ἐπαίνετον
257 2197 442 2271 παρατίθεται.

146 2295 183 2358 2)
203 2295 263 2345 Nec
283 2293 382 2358 dubito,
402 2293 465 2358 quin
484 2293 512 2343 in
532 2309 554 2343 c.
569 2290 604 2340 84
617 2293 779 2344 interciderit
790 2294 922 2359 Epaeneti
934 2310 1046 2345 nornen:
1064 2295 1146 2346 verba
1164 2297 1235 2347 enim

55 2387 133 2440 inde
157 2387 199 2436 ab
220 2382 301 2447 εἴτις
319 2381 367 2453 της
387 2375 499 2454 ὄρνιθος
519 2380 633 2454 ματτύην
653 2385 748 2452 [ποιεῖν
763 2382 871 2451 hilerd,
891 2381 1021 2455 ἐσφάχθω
1042 2383 1087 2455 μὲν
1107 2387 1141 2437 ad
1153 2386 1233 2438 τετιλ-

58 2476 155 2550 μένην
180 2482 208 2529 et
227 2476 273 2528 καί
285 2469 392 2545 νομάδα
410 2477 445 2527 ad
465 2473 559 2539 ἐντοῖς
572 2471 690 2545 ἡδίστοις
709 2495 763 2529 non
775 2480 977 2544 grammaticum
990 2480 1037 2530 sed
1053 2473 1233 2549 ὀψαρτυτικοῦ

58 2577 219 2624 auctorem
240 2570 359 2635 sapiunt5
378 2569 560 2620 Artemidorus
578 2571 659 2635 igitur
676 2570 728 2622 hoc
746 2587 850 2638 quoque
868 2571 927 2622 loco
947 2571 1113 2637 Epaonetum
1131 2573 1235 2623 videtur

57 2665 242 2716 adhibuisse.
282 2661 406 2712 Ceterum
436 2663 512 2728 plura
541 2664 621 2713 etiam
651 2663 703 2715 hoc
734 2665 793 2715 loco
823 2665 852 2714 in
878 2664 1092 2715 transscribendo
1125 2665 1236 2731 deliquit

58 2757 252 2817 Athenaeum
272 2754 343 2820 quod
362 2755 432 2804 enim
450 2755 569 2807 initioc
589 2754 624 2804 84
643 2756 754 2820 legimus
769 2751 1012 2826 Ἀρτεμίδωρος.
1028 2750 1100 2824 ,τὴν
1120 2753 1234 2826 ματτύην

60 2843 227 2918 ἀποφαίνει
245 2838 334 2897 κοινὸν
353 2835 421 2897 εἶναι
439 2839 543 2898 πάντων
561 2838 648 2915 ὄνομα
665 2845 716 2898 τῶν
735 2846 884 2898 πολυτελῶν
902 2841 1053 2916 ἐδεσμάτων
1080 2847 1128 2913 [sic
1146 2849 1233 2900 scribo

59 2958 118 3010 pro
148 2933 316 3008 ἡδυσμάτων
341 2939 401 2990 coll.
427 2938 479 2987 663
495 2955 509 2989 c
523 2936 546 3004 ε]
580 2945 607 2990 et
636 2931 753 2991 663e
743 2933 784 2990 <iu
807 2935 852 3008 μὲν
877 2955 924 2990 ουν
948 2932 1035 2990 κοινὸν
1058 2931 1090 3007 ἦν
1115 2933 1233 3008 τοῦνομα

59 3031 123 3085 τῶν
143 3023 380 3083 πολυτελεστάτων
405 3025 555 3099 ἐδεσμάτων
574 3024 699 3102 φανεράν,
731 3031 810 3097 plane
836 3032 997 3083 contrarium
1016 3031 1128 3082 efficitur
1146 3033 1234 3084 verbis

63 3142 145 3194 quae
167 3123 329 3188 interposita
346 3123 478 3187 leguntur,
498 3123 591 3188 quibus
609 3139 692 3173 unum
711 3128 861 3190 certumque
876 3140 952 3174 escae
965 3139 1050 3188 genus
1063 3123 1233 3188 describitur;

63 3235 125 3270 nec
154 3216 280 3280 intellegi
303 3219 415 3280 possunt
440 3230 507 3282 quae
532 3220 657 3265 secuntur
681 3206 723 3266 ὅτι
748 3213 778 3266 δὲ
802 3215 846 3266 καὶ
869 3209 884 3266 ὃ
910 3209 1011 3285 τρόπος
1035 3213 1082 3283 τῆς
1109 3210 1233 3284 τοιαάτης

66 3304 232 3377 εάωχίας
251 3299 350 3375 ὁμοίως
368 3302 467 3371 ἐλέγετο
487 3308 537 3357 nisi
556 3307 584 3356 in
602 3309 756 3359 memoriam
773 3309 903 3359 revocatis
915 3308 1034 3358 Alexidis
1059 3308 1110 3356 663
1125 3325 1140 3358 c
1159 3313 1233 3358 ante·

67 3400 241 3454 cedentibus
256 3400 389 3462 versibus;
409 3400 586 3449 adnectuntur
604 3400 673 3449 enim
693 3401 853 3451 comicorum
871 3416 972 3464 versus,
992 3399 1086 3466 quibus
1103 3399 1233 3450 efficiatur

69 3483 198 3563 ματτύην
224 3489 259 3539 ad
278 3491 428 3556 potationes
453 3490 597 3541 adhibitam
612 3507 678 3542 esse.
714 3493 796 3543 seta
816 3493 920 3543 demum
939 3492 1059 3557 legimus,
1080 3493 1151 3559 quod
1170 3498 1231 3542 ante

68 3587 229 3652 praecepta
246 3582 294 3633 illa
314 3583 442 3633 culinaria
461 3585 667 3648 expectavimus,
689 3578 805 3635 πιθανὸν
824 3581 853 3634 δὲ
873 3583 917 3635 καί
937 3581 1009 3645 ἰδίως
1028 3580 1138 3634 ἐπὶτῶν
1157 3581 1232 3636 ἐδεσ-

72 3669 172 3746 μάτων
192 3669 333 3745 ἀναφέρειν
353 3680 414 3725 ante
432 3675 571 3726 Machanis
590 3677 777 3728 testimonium.

154 3765 186 3832 3)
208 3766 241 3816 cf.
252 3783 331 3832 supra
341 3784 367 3833 p.
378 3766 412 3814 48
423 3768 484 3818 adn.
496 3770 521 3819 3.
543 3769 642 3820 Vereor
651 3785 685 3821 ne
697 3769 784 3819 debito
794 3769 924 3818 iuniorem
933 3768 1028 3818 reddet
1037 3768 1232 3820 Artemidorum

73 3859 195 3923 Ahrens,
215 3859 261 3924 qui
280 3874 339 3908 eum
358 3859 449 3909 Bucol.
470 3860 563 3913 Graec.
582 3863 610 3911 11
628 3878 654 3926 p.
669 3862 769 3912 XXVII
790 3860 897 3926 „ultimo
917 3861 1089 3911 semisaeculo
1109 3877 1134 3910 a.
1153 3860 1230 3912 Ohr.“

73 3952 180 4004 tribuit.
209 3950 284 4001 Theo
304 3951 374 4000 enim
386 3952 547 4004 Artemidori
559 3953 586 4019 f,
599 3954 719 4018 Apionis,
738 3953 783 4019 qui
801 3953 848 4002 sub
861 3952 966 4002 Tiberio
980 3953 1074 4015 floruit,
1093 3955 1121 4002 in
1140 3969 1231 4004 museo

75 4044 265 4096 Alexandrino
285 4048 445 4108 antecessor,
466 4045 574 4110 Didymi
593 4045 711 4110 aequalis
737 4061 797 4095 cum
814 4044 936 4095 videatur
954 4044 1044 4109 fuisse,
1072 4060 1153 4094 causa
1177 4061 1232 4095 non

77 4141 129 4202 est,
157 4152 204 4186 cur
222 4135 404 4186 Artemidorus
428 4137 473 4187 ille
498 4153 552 4187 non
576 4137 693 4202 potuerit
716 4137 786 4186 circa
810 4152 907 4187 annum
934 4137 969 4186 90
991 4137 1034 4187 vel
1053 4137 1133 4187 etiam
1152 4143 1232 4188 antea
