2640 4628
605 192 646 260 99

132 397 348 485 Apollodorus
375 397 517 462 medicus
550 399 621 486 περὶ
650 397 753 486 μύρων
783 397 836 461 καί
861 393 1021 483 στεφάνων
1051 407 1162 464 auctor
1176 402 1201 487 1)

78 500 181 566 ubium
203 525 281 565 num
306 501 490 585 „volumen“
513 499 592 565 illud
613 499 654 565 ad
675 498 891 564 Ptolemaeum
915 500 1084 586 scripserit,
1120 526 1201 590 ,quo

78 603 143 668 ‚³lin.
165 627 196 668 n.
218 604 249 669 h.
273 604 354 669 XIV
369 604 420 693 76]
445 605 544 668 suasit
562 601 743 667 Ptolemaeo
765 603 843 688 regi,
871 625 952 688 quae
973 603 1048 668 vina
1069 604 1202 688 biberet,

78 705 169 771 alicis
196 708 291 772 etiam
319 717 386 771 tum
413 707 564 793 ignotis“;
586 704 666 770 duos
689 706 773 769 enim
793 704 1006 791 Apollodorus
1027 705 1166 772 medicos
1175 710 1201 783 ²)

78 810 189 875 itieum
211 818 243 875 et
257 811 464 876 Tarentinum
485 809 606 873 Plinius
629 816 864 891 commemorat,
887 829 1022 894 quorum
1043 809 1122 876 alter
1142 812 1203 876 fuit

78 935 125 978 me
139 922 257 996 noster,
280 935 352 977 curn
371 914 405 976 in
418 913 522 977 indice
537 921 701 976 auctorum
716 910 747 975 ll.
762 910 829 974 XII
843 918 876 975 et
889 910 974 975 XIII
987 912 1203 1001 Apollodorus

78 1025 233 1102 >mpureat
254 1016 406 1101 medicus,
429 1017 485 1102 qui
506 1014 546 1080 de
568 1014 719 1080 odoribus
741 1015 876 1100 scripsit.

133 1118 203 1183 Iam
224 1118 312 1183 locus
334 1119 499 1184 adeundus
522 1141 616 1205 saepe
637 1127 840 1202 memoratus,
864 1141 925 1205 quo
949 1118 1023 1183 data
1045 1141 1143 1205 opera
1160 1119 1201 1184 ab

78 1219 214 1286 ithenaeo
241 1230 460 1306 recensentur,
491 1223 682 1308 quicumque
709 1229 793 1286 artes
816 1221 983 1286 culinarias
1010 1224 1202 1309 scripserint.

78 1323 118 1388 III
144 1325 235 1389 5160
277 1325 428 1409 legimus:
468 1326 538 1406 ,12
567 1328 692 1411 Πρῶτοι
720 1324 755 1389 δὲ
779 1326 877 1389 Λυδοὶ
903 1327 956 1389 καὶ
983 1321 1039 1406 τὴν
1066 1325 1203 1410 καρύκην

78 1428 177 1515 ξεύρον
201 1451 208 1465 ·
232 1429 304 1516 περὶ
328 1414 367 1507 ἧς
393 1431 450 1508 τῆς
478 1429 643 1500 σκευασίας
673 1427 703 1490 oi
730 1423 771 1490 τά
792 1425 1011 1514 Ὀψαρτυτικά
1041 1430 1203 1506 συνθέντες

78 1531 201 1619 ίρὴκασι,
223 1531 361 1607 Γλαῦκός
382 1551 416 1594 τε
438 1528 593 1616 ύΛοκρύς
615 1532 667 1594 καὶ
681 1533 834 1604 Μίθαικος
856 1533 909 1595 καί
922 1531 1090 1615 Διονύσιος,
1109 1531 1204 1618 Ἦρα-

78 1635 173 1698 ustos
200 1657 234 1698 τε
265 1634 322 1698 δύο
349 1633 434 1714 γένος
461 1633 658 1722 Συρακόσιοι,
685 1621 843 1714 nothas
871 1635 925 1698 καί
940 1632 1124 1712 Ἐπαίνετος
1150 1637 1204 1699 καὶ

78 1737 220 1820 ιιονύσιος,
251 1736 297 1802 ἔτι
319 1736 354 1800 δὲ
372 1735 564 1818 Ἡγήσιππος
592 1738 645 1800 καὶ
661 1732 914 1823 Ἐρασίστρατος
940 1739 993 1802 καὶ
1013 1736 1202 1819 Εὐθύδημος

78 1843 107 1903 ut
130 1844 252 1926 Κρίτων
275 1863 282 1878 ·
305 1839 386 1928 πρὸς
413 1838 537 1916 τούτοις
565 1839 599 1904 δὲ
627 1839 800 1925 Στέφανος,
829 1836 998 1926 Ἀρχύτας,
1030 1839 1203 1924 Ἀκέστιος,

78 1946 206 2026 ίκεσίας,
243 1946 385 2025 Διοκλῆς,
423 1945 584 2006 Φιλιστίων
606 1991 613 2007 .
636 1938 807 2018 τοσούτους
833 1941 891 2032 γάρ
920 1936 995 2007 οῖδα
1021 1944 1204 2029 γράψαντας

78 2044 275 2135 ύψαρτυτικά.
330 2044 378 2111 Of.
393 2045 510 2110 Pollux
524 2044 570 2108 VI
587 2045 641 2108 70:
664 2043 767 2109 Πολλά
790 2043 816 2108 δ’
842 2041 881 2109 tv
903 2047 950 2127 εἴη
971 2051 1033 2110 τῶν
1054 2049 1127 2135 περὶ
1147 2045 1204 2128 τὴν

78 2145 216 2230 ίδνντικὴν
246 2152 411 2215 σκευασίαν
438 2148 574 2237 ἐξευρεῖν
601 2147 634 2211 έκ
661 2152 722 2211 τῶν
744 2147 940 2228 ὀψοποιικῶν
961 2147 1204 2238 συγγραμμάτων

78 2253 312 2338 ίονιολέοντοςθ)
340 2253 393 2316 καὶ
420 2253 579 2315 Μιθαίκου
608 2252 661 2313 καὶ
689 2252 868 2337 Ζωτυρίνου
897 2253 951 2315 καὶ
979 2252 1125 2338 Σύφωνος
1152 2256 1204 2318 καὶ

79 2357 243 2436 Ηγνγσίπιιου
271 2356 323 2419 καὶ
352 2352 500 2435 Παξάμου
530 2356 584 2418 καὶ
606 2353 791 2417 Ἐπαινέτου
814 2402 821 2418 .
845 2358 1076 2438 συναριθμοῖτο
1105 2354 1131 2420 δ’
1165 2353 1204 2420 tv

78 2457 174 2535 τούτοις
198 2457 403 2546 Ἡρακλείδης
429 2479 463 2522 τε
491 2457 508 2521 ὁ
533 2455 744 2544 Συρακούσιος
771 2459 823 2520 καὶ
850 2455 1042 2545 Τυνδάριχος
1070 2457 1086 2522 ὁ
1116 2463 1204 2523 Σικυ-

78 2554 144 2638 ίνιος
165 2564 218 2625 καὶ
234 2563 464 2641 Σιμωνακτίδης
486 2559 598 2634 ύΧῖος
620 2561 673 2623 καὶ
694 2564 832 2636 Γλαύκος
852 2559 870 2624 ά
893 2561 1024 2649 Λοκρός,
1048 2560 1204 2645 ὀψοποιη-

78 2668 139 2744 τικῆς
154 2666 365 2750 πραγματείας
388 2659 544 2751 σοφισταί.
580 2664 680 2730 Vides
700 2685 883 2728 communes
898 2665 1025 2750 utrique
1039 2667 1203 2748 Μίθαικον,

78 2767 253 2852 Ηρακλείδην
273 2764 329 2831 τὸν
351 2767 573 2856 Συρακούσιον,
595 2767 790 2849 Ἐπαίνετον,
814 2767 1017 2849 Ἡγήσιππον.
1062 2765 1202 2832 Glaucus

78 2891 172 2933 socrus
187 2878 236 2933 ter
256 2869 344 2955 apud
358 2870 559 2935 Athenaeum
576 2869 672 2934 redit:
692 2869 757 2933 VII
769 2870 858 2935 324a
876 2868 915 2934 de
926 2869 1203 2957 hyposphagmate

81 2982 127 3037 ost
135 2973 366 3037 Erasistratum
387 2982 461 3038 ante
472 2972 710 3037 Archestratum
728 2974 914 3038 sententiam
938 2973 1024 3055 dicit,
1047 2973 1097 3037 IX
1108 2976 1203 3040 3691)

78 3098 163 3141 ocem
187 3076 288 3162 ῥάφυς
311 3074 410 3161 ῥύπος
438 3075 637 3142 scribendam
667 3075 828 3140 contendit
849 3075 972 3140 medius
993 3076 1077 3140 inter
1100 3076 1201 3162 Speu·
1315 3141 1318 3146 .

78 3177 183 3266 ippum
211 3188 243 3244 et
272 3178 537 3265 Theophrastum,
564 3178 647 3242 XIV
668 3180 759 3244 (idle
787 3201 861 3242 cum
887 3177 1093 3262 Heraclide⁴)
1125 3178 1201 3268 [scil.

78 3283 139 3348 uod
158 3282 254 3346 Mein.
278 3281 490 3368 supplendum
512 3282 634 3346 censuit
656 3280 867 3370 Syracusano]
898 3290 997 3346 artem
1020 3281 1203 3347 culinariam

78 3385 130 3471 icit
158 3383 215 3462 ούχ
246 3382 413 3475 ἁρμόττειν
438 3386 443 3472 Ι
470 3383 533 3449 ἀλλ’
566 3383 639 3449 obst
667 3393 736 3461 τοῖς
768 3386 899 3460 τυχούσι
929 3389 991 3448 τῶν
1022 3384 1202 3474 ἐλευθέρων,

127 3646 155 3713 1)
174 3647 270 3698 Athen.
286 3648 343 3712 XV,
364 3648 436 3698 urse
449 3648 467 3698 f.
494 3648 569 3697 Idem
587 3647 699 3699 fortasse
719 3649 763 3713 qui
781 3662 809 3699 π.
825 3644 928 3719 θυρίσιν
945 3647 1002 3713 XV,
1014 3648 1099 3700 681d.
1119 3649 1201 3701 schol.

78 3740 111 3790 ic.
131 3739 209 3790 Ther.
232 3741 292 3790 715.
315 3739 374 3789 ⁷81.
395 3739 457 3790 868.

126 3831 155 3898 2)
176 3832 209 3882 cf.
228 3833 297 3882 Plin.
317 3832 380 3895 XX,
400 3832 444 3896 25,
468 3832 514 3882 ubi
537 3833 607 3882 inter
625 3831 786 3882 Nicandrum
807 3836 833 3882 et
851 3833 1029 3897 Praxagoram
1049 3833 1201 3885 afferuntur.

124 3925 153 3989 3)
173 3924 225 3990 leg.
246 3921 359 3974 Πανταλ.
380 3924 413 3974 cl.
432 3923 527 3975 Athen.
547 3924 568 3988 1,
589 3923 657 3974 tob.
676 3924 747 3987 XIV,
768 3923 852 3974 erra.

122 4016 154 4084 4)
174 4016 325 4067 Innumeris
344 4016 475 4066 Athenaei
499 4016 566 4066 locis
592 4016 648 4066 eins
668 4010 796 4085 ὀψαρτυτ.
820 4022 1053 4080 commemoratur3
1078 4017 1160 4068 semel
1183 4017 1202 4070 l.

78 4107 110 4181 ιρὶ
128 4105 239 4176 θεσμῶν
257 4108 328 4173 XIV,
349 4108 432 4159 647a.

930 4193 972 4255 7*
