2618 4614
561 219 708 316 -εοο-

10 490 11 495 ¹
60 478 63 485 ,
140 419 289 485 Fuerunt
308 421 382 485 inde
404 444 424 485 a
444 421 579 486 Neronis
600 420 798 508 temporibus
819 443 920 508 usque
941 421 983 486 ad
1004 421 1130 486 initium
1151 430 1212 487 ter-

10 580 13 584 .
64 523 94 586 tii
115 522 239 587 saeculi
260 526 315 609 qui
337 523 537 588 diaeteticam
559 531 733 588 tractarunt
759 522 851 588 multi
873 533 1026 609 exparte
1048 524 1213 589 clarissimi

63 624 188 709 medici3
211 625 298 691 velut
319 634 355 690 ut
375 636 555 713 temporum
569 629 725 692 rationem
747 626 881 692 habeam
902 627 1100 691 Dioscoridis
1121 626 1211 692 δλικοί

62 727 157 794 multa
190 728 285 792 huius
317 731 441 814 generis
475 729 690 817 suppeditant,
727 728 924 794 Xenocrates
954 729 1212 815 Aphrodisiensis

62 833 141 896 circa
163 855 283 896 annum
306 832 348 897 70
369 835 517 918 περὶτῆς
540 830 603 897 dud
627 832 762 915 ἐνύδρων
783 837 903 920 τροφῆς
926 833 1097 918 scripsit1),
1121 832 1213 898 Sora-

61 957 116 1012 nus
137 933 274 1016 ὑννεσνόν
294 936 384 1016 λόγον
392 939 417 1022 ²)
440 937 631 1022 composuit3
652 958 756 1022 neque
776 934 959 999 Athenaeus
981 937 1211 1021 pneumaticus,

62 1047 93 1101 ut
112 1046 206 1123 patet
228 1060 269 1101 ex
285 1037 424 1104 Oribasii
448 1038 673 1124 collectione³)‚
697 1038 864 1103 diaetetica
883 1047 1054 1124 praecepta
1077 1038 1214 1104 scribere

63 1139 252 1226 dedignatus
280 1150 336 1206 est.
380 1142 534 1208 Eiusdem
556 1141 698 1207 Oribasii
727 1164 804 1206 cura
833 1141 866 1204 ἐκ
890 1146 952 1205 τῶν
966 1139 1106 1227 Ῥούφου
1140 1145 1212 1228 περὶ

64 1247 228 1321 σκευασίας
261 1245 438 1326 ἐδεσμάτων
446 1248 473 1330 ⁴)
514 1245 672 1331 permrdta
702 1242 856 1309 habemus
890 1252 1030 1328 servata3
1072 1245 1214 1310 Marcelli

64 1346 190 1412 Sidetae
212 1348 339 1435 ἰατρικὰ
362 1351 433 1437 περὶ
453 1347 605 1434 laddum)
628 1348 785 1430 novimus,
816 1346 952 1431 denique
976 1345 1117 1412 Galenus
1138 1349 1212 1413 Per-

63 1471 215 1534 gamenus
237 1459 300 1514 tres
315 1451 481 1514 minimum
496 1450 559 1514 huc
574 1451 629 1536 qui
641 1449 762 1514 faciunt
782 1449 879 1514 hbros
902 1449 1056 1515 condidit:
1077 1450 1214 1532 ὑγιεινῶν

63 1552 172 1634 λόγους
203 1553 238 1635 ς’,
271 1556 342 1637 περὶ
368 1558 493 1642 τροφῶν
523 1553 683 1634 δυνάμεως
711 1555 813 1638 βιβλία
832 1551 868 1635 ν’,
898 1555 971 1640 περὶ
992 1551 1137 1634 εὐχυμίας
1158 1557 1212 1619 καί

62 1658 251 1736 κακοχυμίας
277 1661 412 1742 τροφῶν.
465 1655 562 1742 Apud
588 1656 789 1720 Athenaeum
817 1665 923 1720 autem
950 1656 1063 1720 horum
1091 1665 1213 1743 septem

62 1769 226 1824 auctorum
255 1800 294 1808 —
325 1783 419 1847 quem
451 1782 619 1824 numerum
646 1760 763 1824 veteris
795 1758 970 1825 medicinae
1001 1782 1053 1824 me
1080 1761 1213 1846 peritior

61 1861 207 1926 facillime
233 1863 351 1948 poterit
377 1885 557 1947 augere-
577 1885 636 1927 nec
656 1863 729 1928 vola
754 1885 813 1927 nec
837 1863 1017 1948 vestigium.
1072 1860 1212 1927 Galenus

61 1964 150 2029 adest
171 1965 206 2028 in
228 1966 371 2030 convivio
393 1987 451 2030 nec
472 1966 597 2050 ignorat
611 1962 802 2046 Athenaeus,
826 1964 927 2052 qualis
949 1965 1044 2030 hierit
1057 1967 1116 2050 vir,
1139 1988 1212 2030 cum

61 2067 152 2149 dicat,
176 2068 380 2153 epitomatori
402 2071 428 2132 si
449 2068 539 2153 fides,
561 2069 578 2132 I
596 2072 656 2133 le:
689 2066 826 2150 Γαληνός
848 2091 881 2133 τε
904 2067 921 2132 δ
946 2069 1152 2154 Περγαμηνός,
1175 2065 1211 2146 ὃς

59 2172 188 2236 τοσαῦτ’
226 2171 375 2236 ἐκδέδωκε
410 2171 634 2260 συγγράμματα
672 2169 833 2258 φιλόσοφοί
867 2192 901 2235 τε
929 2173 982 2236 καὶ
1010 2171 1134 2257 ἰατρικὰ
1170 2171 1213 2249 ὡς

59 2273 183 2351 πάντας
204 2273 391 2360 ὑπερβαλεῖν
408 2275 482 2350 τοὺς
504 2275 566 2361 πρὸ
591 2273 698 2356 αὐτοῦ,
722 2275 877 2339 καὶκατὰ
899 2275 956 2356 τήν
977 2275 1139 2362 ἑρμηνείαν
1161 2273 1213 2340 οὖ-

58 2378 150 2455 δενός
172 2374 215 2444 dv
235 2384 297 2443 τῶν
319 2378 456 2466 ἀρχαίων
477 2375 726 2460 ἀδυνατώτερος.
767 2377 833 2442 Our
853 2378 951 2462 igitur
972 2401 1013 2443 ex
1032 2375 1121 2441 libris
1144 2379 1212 2442 eius

56 2480 136 2545 nihil
168 2482 235 2545 sive
261 2504 320 2567 per
347 2483 453 2567 ipsum
482 2482 549 2546 sive
576 2503 635 2566 per
660 2480 836 2567 Daphnum
865 2480 1022 2545 medicum
1054 2481 1213 2568 prolatum

10 2600 12 2643 i
56 2584 174 2670 fingit?
207 2583 422 2649 Convivarum
444 2583 542 2648 libros
562 2605 627 2647 non
647 2584 765 2649 invitus
788 2592 1022 2666 commemorat,
1044 2606 1123 2669 quos
1147 2585 1213 2670 qui-

56 2686 133 2753 dem
146 2689 239 2770 norit,
262 2710 376 2774 nempe
392 2709 466 2751 suos
488 2687 589 2773 ipsius
597 2687 633 2773 ⁶).
673 2685 793 2766 Quidni
807 2709 849 2751 ex
864 2685 1013 2773 operibus
1029 2686 1214 2772 homonymi

54 2791 333 2876 pneumatieorum
360 2790 459 2869 ducis,
493 2787 690 2853 medicorum
720 2789 747 2852 si
776 2797 843 2854 erat
872 2790 1014 2875 artisque
1036 2789 1212 2854 medicinae

54 2895 191 2979 peritua
215 2892 389 2979 quidquam
409 2891 502 2957 nobis
523 2891 721 2978 impertivit?
757 2890 848 2971 Quae
864 2913 936 2954 curn
951 2891 996 2956 ita
1011 2892 1082 2975 sint,
1106 2893 1213 2956 omnia

56 2995 211 3060 videntur
233 2995 376 3079 suadere,
410 3004 446 3058 ut
468 2994 631 3060 Athenaeo
653 2996 686 3057 in
707 2993 757 3058 his
778 2992 873 3057 rebus
900 3002 1060 3058 auctorem
1083 2993 1212 3058 Tiberio

138 3216 166 3280 1)
186 3215 219 3267 cf.
240 3214 327 3264 Ideler
345 3213 448 3278 physici
467 3217 494 3263 et
511 3214 608 3263 medici
626 3213 721 3264 Graeci
740 3215 856 3265 minores
871 3214 894 3279 1,
917 3214 1069 3266 rar-133.

136 3306 165 3373 2)
186 3306 259 3358 Cael.
279 3307 342 3357 Aur.
364 3321 404 3356 ac.
423 3306 458 3369 Π,
482 3306 522 3369 11,
544 3304 595 3354 107
615 3306 663 3356 sub
682 3305 727 3357 fin.
749 3321 807 3371 cap.

136 3400 166 3466 3)
186 3400 220 3450 cf.
240 3399 263 3463 I,
283 3399 308 3462 2,
327 3397 352 3462 9,
374 3397 416 3446 11.

137 3492 167 3557 4)
186 3492 209 3556 Ι,
229 3490 290 3540 269.
310 3490 388 3539 Dan:
414 3486 440 3540 ἐν
459 3485 494 3558 τῷ
515 3487 576 3559 περὶ
595 3485 704 3558 διαίτης.
743 3490 777 3542 cf.
798 3490 894 3542 Suidas
914 3505 936 3540 s.
954 3482 1129 3558 v.‘Poiqog:
1153 3488 1214 3559 περὶ

61 3581 166 3652 διαίτης
185 3579 206 3649 ἐ,
235 3581 296 3652 περὶ
315 3578 417 3649 διαίτης
435 3573 566 3631 πλεόντων
586 3572 603 3630 οἱ
620 3620 626 3631 .
643 3616 672 3634 ..
696 3580 757 3652 περί
775 3576 860 3633 σύκων
879 3574 982 3634 ά....
1007 3580 1068 3652 περὶ
1085 3575 1213 3647 γάλακτος

61 3672 165 3746 βιβλίον
185 3669 212 3738 oi,
230 3673 291 3744 περὶ
310 3670 383 3724 οἴνου
403 3670 500 3741 βιβλίον
519 3665 544 3739 οἱ,
564 3670 626 3742 περὶ
645 3668 755 3741 μέλιτος.

138 3765 167 3832 5)
188 3767 220 3816 cf.
241 3766 328 3816 ideler
346 3766 364 3815 l.
378 3767 395 3816 l.
416 3766 438 3829 1,
461 3765 612 3814 134-137.

139 3858 165 3922 6)
186 3859 217 3908 cf.
237 3859 297 3922 VII,
318 3857 405 3907 3290.
422 3858 454 3920 V,
476 3857 563 3907 alla.
601 3857 658 3907 Nee
684 3858 833 3923 aequalium
857 3874 938 3924 opera
962 3857 1083 3909 consulto
1109 3859 1206 3908 omittit

61 3951 136 4002 velut
154 3953 176 4014 I,
201 3951 259 4001 l3b
284 3965 375 4000 eorum
394 3951 438 4015 qui
458 3949 490 3998 de
514 3948 663 3999 halieuticis
682 3951 843 4015 scripserunt
868 3951 988 4014 catalogo
1009 3976 1042 3986 -
1064 3969 1088 4001 κ.
1108 3961 1147 4001 ατ.
1167 3950 1212 3999 dc·

63 4048 186 4094 currente
213 4070 245 4078 -
272 4041 371 4091 inserto
398 4041 431 4092 de
450 4057 498 4091 suo
513 4040 589 4090 addit
607 4041 756 4107 Oppianum
776 4041 886 4091 Cilicem
904 4035 950 4092 τὸν
968 4034 1046 4126 ὄλίγρν
1064 4034 1117 4111 πρὸ
1136 4035 1212 4109 ἡμῶν

62 4129 211 4203 γενόμενον.
248 4134 290 4183 De
309 4132 463 4184 Herodiano
483 4137 509 4183 et
526 4133 668 4184 Plutarcho
688 4134 720 4184 cl.
741 4149 821 4200 supra
838 4149 866 4199 p.
881 4133 925 4183 80.
