2618 4614
619 208 768 308 gra-

119 412 256 499 panibus
285 419 510 500 exposuerunt.
539 451 581 461 -
607 412 765 476 Persimili
793 415 915 479 ratione
942 416 1111 479 coniuncta
1136 414 1270 499 legimus

120 517 177 580 Ic.
193 517 243 598 59,
268 538 349 602 quae
370 514 500 579 Diocles
521 514 723 598 Praxagoras
745 516 942 582 Mnesitheus
964 517 1003 582 de
1024 519 1107 582 vinis
1131 518 1271 605 disputa·
1304 554 1308 589 τ

121 627 208 701 runt3
239 619 271 683 II
286 640 330 683 cc.
346 618 481 700 23-25‚
505 640 586 703 quae
607 616 798 683 Plistonicus
819 620 1034 707 Hippocrates
1055 621 1270 686 Erasistratus
1300 638 1308 695 -ξ

119 721 250 787 Diocles
271 721 472 805 Praxagoras
493 720 623 784 Euenor
644 720 684 785 de
706 723 814 808 aquis3
844 745 888 788 cc.
910 724 1046 806 41-43,
1068 747 1150 810 quae
1172 725 1271 790 Hera·
1301 771 1308 799 ⁴.

119 824 215 890 clides
238 824 428 889 Tarentinus
449 821 579 888 Diocles
600 822 789 889 Philotimus
811 825 963 911 Diphilus
977 826 1173 891 Mnesitheus
1188 827 1271 912 Age·
1306 880 1308 888 ,

119 927 228 993 lochus
256 927 296 991 de
323 925 475 1008 bellariis,
514 927 547 989 in
574 926 686 1010 primis
720 927 898 1012 amygdalis
929 928 1065 993 nucibus
1098 933 1270 1014 castaneis3

118 1031 168 1096 ΙΙΙ
184 1052 227 1095 cc.
244 1030 378 1113 32-34,
407 1051 488 1115 quae
517 1028 647 1093 Diocles
677 1038 708 1094 et
737 1031 894 1116 Hicesius,
928 1054 1007 1118 quos
1036 1054 1080 1097 cc.
1103 1032 1143 1098 39
1172 1043 1204 1098 et
1230 1035 1272 1098 40

117 1131 269 1220 Diphilus
298 1141 331 1196 ot
358 1132 399 1196 43
419 1130 615 1195 Mnesitheus
646 1142 803 1217 secuntur,
832 1133 870 1199 de
893 1136 1005 1200 ostreis
1028 1144 1059 1200 et
1081 1135 1270 1221 conchyliis,

120 1260 146 1301 c.
169 1237 219 1319 85,
254 1257 336 1321 quae
358 1234 486 1299 Diocles
515 1242 546 1299 et
574 1235 722 1299 Hicesius
752 1235 791 1301 de
822 1236 1034 1322 salsamentis,
1068 1260 1112 1303 cc.
1134 1239 1270 1320 91-93,

119 1361 200 1425 quac
221 1337 406 1403 Heraclides
428 1337 619 1402 Tarentinus
646 1337 776 1403 Diocles
802 1339 954 1426 Diphilus
975 1341 1172 1406 Mnesitheus
1200 1344 1272 1430 περὶ

118 1447 179 1508 τῶν
209 1442 391 1521 εἰθισμένων
418 1444 719 1528 προπαρατίθεσθαι
748 1447 943 1529 περιφσρῶν;
971 1444 1053 1508 VIII
1068 1465 1112 1508 cc.
1134 1445 1269 1529 51-56,

119 1567 200 1633 quoe
228 1542 380 1630 Diphilus
408 1552 440 1608 et
468 1543 664 1608 Mnesitheus
675 1547 719 1629 1),
758 1567 831 1608 cum
859 1544 1053 1610 interciderit
1084 1549 1141 1633 qui
1175 1547 1271 1612 cosa

122 1649 317 1736 promittitur
336 1646 535 1729 Philotimus,
558 1647 597 1711 de
620 1647 777 1732 piscibus3
809 1647 875 1711 XV
897 1670 923 1712 c.
946 1648 996 1731 28,
1019 1671 1101 1735 quae
1121 1650 1271 1714 Hicesius

120 1750 333 1837 Apollodorus
354 1749 538 1813 Eumachus
559 1748 706 1815 Amerias
727 1749 871 1815 Philinus
893 1751 933 1816 de
954 1750 1099 1837 floribus,
1122 1774 1167 1818 cc.
1183 1754 1225 1817 38
1240 1761 1271 1817 et

119 1855 169 1929 39,
203 1875 284 1938 quae
316 1851 505 1938 Apollonius
538 1864 570 1917 et
602 1853 749 1918 Hicesius
788 1852 827 1917 de
867 1855 1038 1940 unguentis
1071 1865 1269 1920 censuerunt.

119 1957 254 2036 Scimus,
277 1978 372 2042 quarn
388 1978 483 2041 saepe
499 1955 631 2040 singulis
647 1957 828 2043 quibusque
847 1958 984 2043 piscium
1005 1957 1127 2022 olerum
1141 1958 1269 2043 frugum

118 2061 259 2125 carnium
293 2057 462 2143 generibus
494 2059 676 2123 testimonia
717 2062 933 2146 appingantur
964 2060 1204 2126 diaeteticorum
1228 2100 1270 2108 —

117 2162 204 2229 velut
226 2160 358 2245 singulis
373 2161 514 2246 piscibus
535 2162 569 2224 in
583 2162 647 2226 VH
661 2162 782 2227 Hicesii
804 2174 835 2226 et
848 2162 1007 2248 Epaeneti
1027 2165 1199 2228 auctoritas
1213 2188 1268 2246 —3

116 2275 256 2332 attamen
285 2248 366 2351 quae
394 2263 488 2327 modo
511 2264 688 2348 significavi
710 2266 817 2351 potius
840 2288 936 2352 quam
958 2267 1135 2351 percensui,
1165 2264 1268 2329 locum

116 2393 180 2435 non
208 2368 327 2433 habent
355 2369 416 2430 nisi
437 2369 471 2431 in
493 2390 588 2454 opere
610 2366 835 2455 lexicographo
863 2367 949 2454 quod
970 2391 1096 2434 rerum
1117 2378 1269 2454 sequatur

117 2473 278 2553 ordine1n3
311 2472 338 2533 si
360 2470 457 2555 igitur
478 2510 520 2518 -
540 2493 581 2535 ne
603 2469 707 2536 dicam
730 2494 839 2536 omnes
864 2511 900 2519 -
923 2495 999 2558 pars
1023 2479 1149 2535 tantum
1170 2471 1268 2536 medi-

117 2598 226 2658 corum
247 2572 374 2637 illorum
395 2596 453 2658 per
474 2573 590 2638 medici
612 2573 770 2660 Pamphili
797 2596 877 2660 opus
899 2573 941 2638 ad
961 2573 1178 2638 Naucratitam
1198 2598 1268 2661 per-

116 2679 213 2759 venit,
243 2677 298 2763 qui
324 2685 430 2761 potest
456 2698 570 2763 corpus
597 2676 675 2741 illud
704 2679 775 2764 περὶ
802 2676 966 2757 ὀνομάτων
986 2680 1040 2741 καὶ
1059 2682 1205 2757 γλωσσῶν
1226 2677 1267 2741 ad

117 2781 273 2847 elementa
295 2778 493 2843 decurrisse?
523 2780 575 2842 An
590 2788 748 2866 putemus,
772 2803 853 2866 quae
877 2778 1008 2864 singulis
1029 2779 1144 2864 glossis
1160 2781 1267 2866 appic-

116 2894 168 2950 tae
183 2891 311 2950 exstant
332 2883 544 2964 auctoritates,
567 2905 620 2948 eas
643 2882 771 2968 quidem
785 2881 952 2970 Pamphilo
968 2881 1085 2963 deberi,
1107 2906 1147 2948 ea
1160 2892 1267 2948 autem

117 2987 312 3053 medicorum
332 2985 520 3070 fragmenta,
548 2985 664 3071 quibus
685 3009 748 3050 uno
771 2995 879 3051 tenore
901 2987 940 3050 de
961 2986 1043 3050 vinis
1064 2988 1157 3072 aquis
1179 2985 1267 3050 oleri-

117 3092 177 3158 bus
209 3089 346 3177 panibus
379 3087 576 3153 salsamentis
609 3090 722 3154 ostreis
754 3087 924 3174 conchyliis
955 3089 1096 3175 piscibus
1127 3087 1266 3154 bellariis

116 3193 248 3260 floribus
277 3194 447 3278 unguentis
470 3194 503 3255 in
524 3193 709 3257 universum
729 3201 853 3277 agatur,
885 3191 926 3256 ab
948 3191 1114 3256 Athenaeo
1134 3192 1265 3278 proprio

115 3299 219 3364 Marte
249 3320 319 3362 esse
346 3294 548 3381 conquisita?
580 3294 696 3359 Utrum
721 3317 798 3359 vero
827 3317 877 3360 ex.
899 3317 947 3380 gr.
973 3293 1118 3359 Iatroclis
1146 3294 1266 3360 Hicesii

115 3402 273 3489 Epaoneti
295 3399 430 3465 aliorum
455 3399 637 3465 testimonia
657 3398 697 3462 de
718 3397 872 3484 placentis
894 3406 927 3462 et
947 3396 1087 3482 piscibus
1108 3398 1142 3461 in
1163 3400 1266 3484 capite

116 3506 169 3573 illo
199 3502 395 3591 Pamphileo,
424 3505 476 3567 cui
502 3503 689 3588 inscriptum
716 3509 784 3565 erat
811 3503 884 3589 περὶ
905 3501 1102 3566 πλακούντων
1121 3501 1174 3565 vel
1195 3503 1267 3588 περὶ

118 3609 267 3694 δευτέρας
294 3608 513 3695 τραπέζης-
535 3629 577 3670 ex
598 3604 800 3670 Artemidoro
822 3603 867 3668 illi
895 3604 1029 3669 fortasse
1050 3606 1265 3690 transscripto,

115 3713 340 3783 additamentis
361 3712 442 3776 varii
462 3711 588 3794 generis
610 3709 711 3774 ditato
732 3749 784 3793 —,
807 3717 838 3774 et
860 3712 931 3798 περὶ
950 3710 1066 3786 ἰχθύων
1086 3709 1267 3773 exstiterint

115 3819 284 3885 coniuncta
297 3816 331 3879 in
352 3824 439 3880 certa
453 3815 566 3900 capitis
580 3823 681 3901 parte,
704 3821 740 3876 ut
753 3814 787 3876 in
808 3813 945 3899 panibus
960 3812 1113 3896 videmus,
1135 3811 1266 3876 medicis

115 3926 288 4001 reservata,
321 3943 363 3984 an
384 3917 571 4004 Pamphilus
601 3917 696 3982 etiarn
725 3939 764 3980 ea
785 3916 946 3980 disciderit
966 3937 1105 4001 suaeque
1126 3914 1266 4000 quidque

67 4203 70 4217 ,
189 4152 218 4216 1)
236 4151 444 4203 Introdncuntur
465 4150 516 4199 hoc
541 4150 600 4199 loco
618 4125 822 4217 'Aoudnsuuho‘rs
848 4142 945 4208 παῖδες
972 4145 1051 4197 simili
1077 4145 1158 4195 modo
1185 4150 1265 4210 atque

67 4292 93 4367 h

67 4244 152 4311 Ι(ΠΙ,
172 4247 257 4298 1168.
