2618 4614
721 231 762 296 66

667 318 815 329 ᾖ.

167 437 256 502 cilius
277 436 430 501 iudicium
450 434 547 518 ferre3
569 434 625 521 qui
639 434 724 498 enim
739 430 914 498 secundum
928 428 1074 494 lemmata
1086 427 1138 511 duo
1148 427 1213 492 rideri

167 563 246 625 esse,
273 539 316 604 ad
336 539 491 603 minimun
518 546 582 602 tres
605 547 694 601 sunt:
721 537 825 622 pictor
851 533 1075 619 grammaticus
1095 528 1213 617 philosoph

166 643 248 708 Nam
278 665 351 706 cum
380 642 517 706 sciamus
545 639 751 726 Pamphilum
781 636 1023 723 Sicyonensium
1049 634 1213 721 pictorump

167 747 282 830 cipcm,
303 746 439 809 Pausiae
456 742 598 827 Sicyonii
619 752 652 808 et
664 740 788 829 Apellis
806 742 840 804 in
854 747 922 806 arte
936 738 1128 824 magistrum,
1144 737 1213 822 Eupo

167 847 369 935 discipulum,
396 845 584 933 Amphipoli
604 855 715 910 natum
736 844 879 930 fuisse1),
901 864 966 907 non
989 839 1194 921 dubitabimus,

167 950 314 1016 adhunc
341 949 507 1016 referenda
528 951 591 1013 sint
617 953 651 1016 ll.
669 946 777 1034 Ἀμφ,
798 943 817 1029 ἢ
841 943 967 1010 Σικυών.
977 945 1004 1029 ²)
1028 993 1035 1008 .
1059 991 1066 1008 .
1087 992 1095 1008 .
1118 944 1205 1028 ,περὶ

168 1059 260 1140 φικῆς
282 1055 335 1117 καὶ
355 1054 526 1141 ζωγράφων
540 1053 683 1132 ἐνδόξων.
721 1050 786 1132 Qui
806 1071 882 1114 vero
904 1046 1101 1114 contenderit
1113 1044 1213 1131 Pamph

167 1157 322 1243 pictorem
348 1158 394 1221 eis
422 1157 543 1221 vixisse
569 1153 766 1241 temporibus
774 1153 813 1239 ³),
842 1175 863 1217 a
891 1150 1009 1238 quibus
1030 1172 1110 1237 opus
1130 1149 1166 1214 de
1183 1149 1211 1234 pi

167 1259 405 1345 pictoribusque
438 1259 614 1325 illustribus
646 1280 706 1344 par
737 1257 779 1320 sit
799 1254 1021 1342 abiudicari4),
1054 1255 1085 1318 ei
1117 1259 1213 1318 statuo

244 1561 271 1625 1)
291 1561 325 1612 cf.
339 1559 413 1611 Suid.
433 1575 454 1610 s.
473 1577 499 1612 v.
513 1552 659 1628 Ἀπελλῆςε
678 1598 685 1611 .
705 1597 712 1610 .
734 1597 740 1610 .
761 1551 885 1627 μαθητὴς
898 1554 1039 1627 Παμφίλου
1057 1555 1106 1608 τοῦ
1118 1549 1213 1625 ’Appio

167 1652 235 1703 Plin.
261 1669 287 1703 n.
307 1652 332 1702 h.
352 1652 458 1716 XXXV,
480 1651 512 1701 76
527 1666 581 1718 sq.:
606 1651 733 1716 „Macedo
752 1648 888 1700 natione“.
916 1650 977 1701 123.
1017 1651 1087 1702 Plut.
1112 1649 1213 1700 Arati

167 1744 244 1794 Adde
269 1743 302 1793 ad
328 1744 484 1808 tragoedum
511 1748 536 1793 et
561 1743 689 1809 pictorem
715 1742 920 1794 discernendum
945 1743 1028 1794 schol.
1053 1742 1135 1794 Arist.
1158 1741 1213 1791 Plut

168 1837 302 1887 Welckcr:
321 1834 420 1901 griech.
434 1837 512 1902 Trag.
526 1836 563 1900 ΙΙ,
580 1836 639 1886 710.
659 1862 696 1872 --
714 1836 802 1885 Locos
822 1834 855 1884 de
875 1836 976 1901 pictore
996 1835 1110 1886 contulit
1127 1834 1152 1885 J.
1166 1833 1213 1884 Ονε

169 1929 212 1979 die
238 1929 348 1979 antiken
375 1927 577 1995 Schriftquellen
602 1944 648 1978 zur
667 1925 762 1978 Gesch.
788 1926 835 1977 der
858 1927 922 1978 hild.
941 1927 1054 1978 Kiinste.
1093 1927 1205 1992 Lipsiae.

169 2039 196 2087 p.
216 2022 268 2069 330
282 2037 339 2087 sqq.

243 2113 269 2175 Ι)
289 2113 332 2163 Ita
350 2112 455 2162 Urlichs
474 2128 578 2178 quoque
598 2113 698 2164 statuit.
736 2111 809 2177 Opus
835 2117 924 2162 autem
949 2111 982 2161 de
1002 2111 1108 2177 pictura
1133 2116 1158 2161 et
1175 2110 1213 2175 pic

171 2203 249 2254 claris
263 2210 290 2254 et
301 2203 405 2253 Urlichs
419 2209 445 2254 et
458 2204 598 2256 Overbeck
610 2210 637 2256 et
647 2204 786 2255 Michaelis
805 2220 822 2254 a
839 2205 940 2269 pictore
955 2205 1119 2255 abiudicant.
1156 2204 1209 2268 Ego

172 2311 278 2360 censeo,
305 2312 356 2362 quo
383 2296 415 2346 de
438 2301 540 2361 postea.
579 2298 661 2348 Miror
684 2312 747 2347 vero
771 2295 940 2360 Urlichsium,
966 2297 1011 2362 qui
1035 2294 1098 2368 περὶ
1120 2311 1213 2368 γράφων

171 2389 344 2453 grammatico
364 2389 462 2439 tribuit.

245 2479 274 2546 3)
293 2481 386 2530 Fuisse
407 2497 466 2531 eum
478 2480 625 2532 Alexandri
644 2487 670 2533 et
688 2482 779 2547 primis
799 2479 989 2532 diadocborum
1007 2482 1170 2547 temporibus
1189 2496 1213 2530 er

171 2573 240 2638 pulis
261 2572 380 2624 efficitur.

245 2664 274 2729 4)
291 2665 334 2715 Me
348 2664 454 2731 quidem
468 2681 610 2732 numquam
623 2664 731 2716 habebit
744 2668 941 2717 assentientem.
973 2665 1117 2731 Sicyoniae
1131 2665 1213 2716 enimi

172 2757 286 2821 pictores
306 2757 340 2806 ad
359 2756 422 2807 artis
440 2758 570 2808 rationem
590 2757 770 2825 artificumque
786 2759 926 2809 historiam
945 2758 1167 2823 contemplandas
1184 2762 1208 2806 et

172 2848 337 2899 mandandas
349 2850 378 2898 in
390 2849 481 2914 primm
494 2849 618 2900 videntur
630 2850 781 2901 inclinasse.
811 2851 990 2913 Quintilianus
1004 2851 1089 2903 instit.
1104 2856 1168 2901 orat.
1181 2849 1213 2899 Π]

174 2937 216 3006 [cf.
237 2941 298 3006 XII,
320 2942 362 3006 10,
377 2939 402 3007 6]
422 2941 589 3007 Pamphilum
608 2946 635 2992 et
652 2942 827 2992 Melanthium
851 2943 954 2992 ratione
981 2942 1046 2992 dicit
1064 2942 1213 3008 praestanti

172 3033 316 3082 secundum
335 3033 449 3084 Plinium
467 3034 486 3083 l.
504 3035 522 3084 l.
542 3035 696 3100 Pamphilus
718 3036 834 3100 „primus
854 3035 974 3085 omnibus
992 3035 1088 3085 litteris
1107 3035 1157 3085 fuit
1177 3050 1213 3084 ero

67 3146 69 3149 ·
172 3125 249 3186 Quod
274 3141 336 3175 vero
360 3127 552 3191 gravissimum,
579 3128 752 3178 Melanthium
772 3143 887 3193 quoque,
911 3125 1044 3190 Pamphili
1070 3127 1213 3192 discipulus

171 3215 335 3287 ζωγραφικῆς
360 3218 441 3269 libros
466 3220 645 3284 composuisse
670 3221 744 3270 testis
764 3225 805 3269 est
823 3220 912 3269 Laert.
931 3219 1010 3284 Diog.
1030 3219 1077 3280 lv,
1101 3219 1142 3270 18.
1179 3219 1213 3268 Pr.

172 3310 242 3375 apud
259 3311 405 3361 Vitruvium
423 3312 476 3362 VII
494 3312 576 3378 praef.
600 3313 633 3361 14
652 3313 764 3376 legimus
776 3312 938 3376 Melampum
958 3309 1033 3376 [corr;
1047 3311 1213 3363 Melanthiun

172 3404 321 3453 metriarum
340 3409 483 3470 praecepta
503 3405 705 3470 conscripsisse3
726 3420 776 3454 nec
796 3404 892 3454 desunt
903 3405 932 3452 in
944 3402 1033 3452 indice
1048 3404 1213 3455 auctorumP

172 3494 206 3544 ad
224 3495 282 3545 libr.
301 3495 400 3546 XXXV
424 3513 473 3547 nec
492 3499 599 3563 Apelles
623 3514 673 3548 nec
692 3496 860 3547 Melanthius.
898 3496 940 3546 De
959 3496 1068 3546 Duridis
1091 3496 1153 3569 περὶ
1171 3497 1213 3560 Eoi

173 3602 251 3651 opere
270 3584 368 3652 [Laert.
382 3588 461 3652 Diog.
477 3589 498 3651 1,
513 3586 557 3654 38]
578 3589 684 3639 dubiam
703 3589 758 3640 scio
778 3604 837 3639 esse
856 3604 920 3651 rem,
940 3604 1003 3638 num
1023 3588 1108 3639 Samii
1127 3591 1169 3640 sit.
1190 3616 1213 3624 —

171 3695 228 3729 rum
246 3678 359 3728 fortasse
378 3696 392 3729 e
410 3695 438 3730 re
458 3685 499 3729 est
514 3682 647 3732 monuisse
659 3683 728 3732 inter
740 3681 822 3732 Iubae
841 3682 910 3746 regis
929 3681 1009 3732 libros
1029 3682 1139 3746 reperiri
1157 3680 1213 3751 περὶ

170 3761 244 3839 arigii
259 3768 319 3839 περὶ
331 3764 483 3840 ζωγράφων.
504 3772 536 3822 νά,
551 3773 710 3824 Assiduus:
730 3774 762 3824 de
776 3774 858 3824 Iubae
874 3774 944 3838 regis
957 3774 1069 3823 Mauret.
1089 3773 1183 3839 fragm.
1203 3790 1213 3838 γ

171 3861 277 3913 Vratisl.
303 3861 381 3912 1862.
401 3879 427 3928 p.
450 3865 490 3915 16.
511 3881 569 3930 cap.
583 3866 633 3929 VI3
659 3865 750 3917 titulos
769 3866 813 3916 ille
832 3866 1004 3932 probabiliter
1022 3866 1120 3916 vocula
1138 3856 1155 3935 ἢ
1176 3882 1213 3916 cor

172 3954 205 4006 cs.
226 3959 365 4020 praeterea
384 3956 495 4008 Mueller
512 3958 607 4024 fragm.
626 3959 718 4009 histor.
739 3958 832 4009 Graec.
846 3958 896 4021 III,
914 3957 957 4008 48.
977 3985 1014 3994 -
1031 3957 1056 4008 A
1074 3957 1213 4024 Pamphilo

170 4063 225 4098 non
242 4049 281 4098 ita
301 4049 433 4114 discrepat
452 4049 603 4101 Gallixenus
621 4049 753 4112 Rhodius,
781 4064 858 4114 quem
876 4049 986 4099 Photius
1009 4049 1072 4100 bibl.
1093 4050 1154 4100 cod.
1178 4050 1209 4098 16

171 4145 211 4190 est
228 4135 373 4211 ζωγράφων
390 4140 434 4192 καὶ
452 4135 676 4212 ἀνδριαντοποιῶν
695 4133 851 4211 ἀναγραφήν
869 4142 1058 4206 composuisse,
1078 4157 1096 4191 a
1114 4141 1212 4208 Sopatr
